3098 4874
303 347 342 407 32

257 532 328 595 nuit
362 532 417 594 Ar.
454 530 539 612 154),
574 529 601 593 si
629 533 793 614 τανηλεγής
820 531 914 595 etiam
945 531 1086 610 „dllos‘ss
1116 532 1155 596 de
1184 532 1255 596 aliis
1283 553 1321 597 ac
1350 533 1391 598 de

259 638 361 698 morte
389 633 559 708 diceretur,
588 632 671 713 qvod
698 638 805 696 tamen
833 653 987 714 nusquam
1017 654 1078 697 usu
1105 635 1191 698 venit
1218 637 1262 717 (v.
1288 634 1390 700 Seiler

257 735 344 819 lex).
373 773 414 783 -
441 733 686 816 Etymologiam‚
716 754 778 816 qva
805 734 960 799 articulus
988 735 1107 812 finitur,
1136 734 1177 798 ab
1200 736 1390 801 Aristarcho

256 839 418 902 inventam
440 856 519 912 esse,
536 856 600 899 non
618 841 666 899 est
681 833 864 916 probabile;
881 841 1042 918 repugnat
1057 837 1141 900 enim
1159 838 1388 919 superioribus.

359 937 630 1021 ἑκατόγχειρον.
674 936 915 1018 Explicationas
948 945 1174 1020 proponuntur
1209 940 1390 1004 Aristarchi

258 1042 359 1105 ἑκατὸν
387 1045 489 1124 χεῖρας
517 1037 633 1122 ἔχοντα,
663 1043 695 1102 et
718 1037 854 1102 aliorum
877 1040 918 1123 (ol
941 1041 973 1102 δέ
995 1040 1096 1104 Lehrs
1119 1040 1209 1104 addit
1231 1041 1286 1106 Ar.
1313 1045 1389 1125 180)

219 1208 220 1212 ,
256 1144 477 1226 ἐκατύμπηχον,
511 1160 605 1222 qvam
634 1139 910 1205 tamenilleideo
933 1141 1055 1224 rejecit,
1079 1142 1163 1224 qvod
1185 1143 1314 1206 κατὰτὸ
1337 1168 1389 1227 μο-
1434 1149 1436 1152 ’

256 1247 347 1320 θικὸν,
375 1245 408 1307 in
435 1243 553 1307 fabulis
580 1242 731 1306 Briareus
753 1263 817 1306 non
839 1242 1014 1325 fingeretur
1037 1249 1165 1307 eentum
1189 1244 1298 1309 cubita
1319 1245 1389 1309 lon·

257 1369 325 1431 gns,
349 1345 405 1410 sed
428 1344 635 1408 centimanus.

360 1449 579 1532 ἐμπλήγδην.
624 1445 787 1527 Expressa
809 1445 846 1509 fit
867 1446 987 1510 mantio
1009 1447 1188 1512 Aristarchi
1213 1448 1254 1512 ad
1270 1447 1389 1512 librum

255 1552 281 1615 Υ
304 1551 466 1634 Odysseae
488 1547 718 1612 commentarii.
764 1547 836 1611 Vox
857 1553 946 1612 extat
960 1570 989 1613 v.
1008 1551 1078 1626 132,
1096 1549 1151 1613 ubi
1170 1550 1225 1612 Ar.
1243 1549 1389 1614 vertebat

257 1652 473 1738 εὐμεταβόλους.
518 1649 630 1712 Altera
658 1670 753 1730 qvam
780 1649 841 1712 lex.
864 1651 1017 1731 proponit
1039 1651 1211 1732 explicatio
1234 1652 1389 1735 ἐμπληκτι-

257 1763 325 1829 κῶς,
359 1753 394 1816 οὐ
429 1751 503 1835 μετὰ
534 1750 657 1834 κρίσεως
690 1750 731 1814 ab
759 1750 871 1815 eodem
899 1751 987 1816 fonte
1014 1753 1190 1834 repetenda
1217 1761 1266 1817 est
1293 1760 1388 1836 atqve

256 1855 355 1922 schol.
384 1855 415 1918 h.
439 1854 460 1916 l.
484 1853 695 1936 ἐμπληντικῶς·
719 1854 738 1936 ἢ
763 1853 887 1936 ἀκρίτως
908 1878 934 1915 κ.
958 1857 1000 1921 ὠς
1021 1853 1055 1916 ἄν
1080 1855 1156 1939 τύχη
1181 1855 1387 1939 ἐμπελάίουσα

256 1964 315 2027 τοῖς
337 1958 495 2041 πράγμασι.
530 1955 593 2038 (Of.
611 1953 725 2018 Seiler:
748 1954 1024 2037 dreiuschlagend
1048 1956 1266 2035 unbesonnen,
1283 1958 1386 2022 blind-

255 2061 363 2144 lings).
408 2057 497 2122 Haec
524 2055 671 2120 Dindorf.
697 2056 819 2120 iudicat
849 2057 890 2120 ab
912 2057 1131 2143 Eustath.,(p.
1157 2060 1254 2146 1883)
1277 2081 1386 2125 mana-

255 2164 347 2238 risse‚
371 2159 502 2225 addenti
524 2158 598 2221 κατὰ
620 2158 688 2226 τούς
709 2159 861 2228 παλαιούς.

359 2262 602 2344 ἐπαιγίζοντα.
647 2261 720 2324 Non
743 2261 846 2325 solum
869 2260 1041 2343 explicatio
1060 2268 1203 2341 „rentum
1219 2263 1386 2328 vehemen-

255 2367 319 2430 tius
347 2363 505 2439 fiantem‚“
528 2361 584 2425 sed
607 2367 694 2426 totus
717 2363 872 2427 articulus
895 2369 943 2427 est
965 2363 1154 2428 Aristarchi.
1200 2364 1247 2428 Of.
1270 2366 1337 2430 sch.
1360 2367 1386 2430 B

258 2472 328 2531 148.
374 2463 495 2529 0293.
540 2463 658 2526 Δ167.

358 2569 473 2651 ἐπήτη
497 2567 586 2650 (fort.
611 2565 718 2648 ἐπητῇ,
742 2565 781 2628 cf.
805 2567 871 2631 soh.
895 2587 912 2629 σ
932 2570 1006 2650 128)
1040 2569 1139 2653 λογίῳ,
1156 2569 1237 2652 παρὰ
1258 2569 1294 2632 τὰ
1318 2569 1384 2652 ἔπη·

255 2673 368 2757 γέπήτη
397 2670 422 2733 δ’
451 2671 534 2752 ἀνδρὶ
562 2667 673 2736 ἔοικας“
703 2671 734 2752 (e
763 2670 847 2748 128).
893 2669 922 2731 ἐν
952 2671 984 2732 δὲ
1011 2672 1052 2756 τῷ
1081 2694 1103 2755 φ
1130 2676 1183 2754 τῆς
1205 2669 1269 2734 Ὀδ.
1294 2673 1385 2756 (306)

255 2775 306 2856 „od
333 2775 389 2859 γάρ
418 2797 468 2836 τεο
497 2772 624 2854 ἐπητύος
651 2771 859 2856 ἀντιβύλησας“
904 2772 938 2855 (l.
962 2773 1173 2858 ἀντιβολήσεις)
1198 2774 1264 2856 (hic
1286 2773 1386 2855 expli·

255 2879 413 2944 nationem
442 2875 529 2940 vocis
558 2874 684 2957 ἐπητύος
713 2873 869 2937 excidisse
895 2872 1184 2960 Ραύο),11μίσταμχ.
1209 2876 1242 2938 δὲ
1263 2875 1386 2958 ἐπητέος

254 2981 316 3058 (sio
343 2978 417 3041 Vill.
446 2998 505 3059 pro
533 2976 679 3058 ἐπητέως)
708 2974 755 3037 διὰ
782 2980 834 3038 τοῦ
862 2999 887 3049 ε,
915 2979 942 3038 οἰ.
966 2975 1052 3058 λόγος
1075 2977 1224 3040 ὑπόκειται
1246 2981 1384 3045 τοιοῦτος·

255 3079 379 3164 ἐπητέος
409 3078 469 3162 (sio
496 3098 556 3159 pro
585 3077 732 3160 ἐπητέως)
762 3077 821 3138 οἷον
851 3076 1044 3161 εὐγνώμονος.
1073 3080 1168 3161 τίθησι
1192 3080 1249 3164 (sc.
1272 3079 1386 3160 Arist.)

254 3184 287 3246 δέ
308 3183 358 3244 καὶ
379 3182 431 3264 τὴν
455 3179 526 3247 λέξιν
551 3178 654 3240 ἐπίπαν
672 3178 719 3240 ἐπὶ
737 3177 788 3240 τού
806 3183 927 3241 συνετοῦ
946 3217 1003 3258 „-
1014 3217 1056 3227 —
1075 3181 1186 3264 ἐπητής
1198 3180 1259 3242 ἐσσι
1275 3217 1317 3228 -
1328 3185 1386 3227 -“

253 3287 283 3369 (ν
319 3287 405 3364 332).
450 3283 499 3344 καὶ
532 3280 586 3343 οὐκ
613 3280 748 3363 ἐπητύος.
793 3281 948 3346 Extrema
975 3281 1039 3345 tria
1067 3282 1174 3358 verba,
1203 3303 1276 3345 oum
1303 3281 1334 3344 h.
1363 3279 1385 3343 l.

252 3386 375 3450 nullum
409 3384 550 3448 habeant
583 3403 720 3459 sensum,
753 3383 891 3447 fortasse
917 3389 992 3465 post
1019 3384 1066 3446 διὰ
1093 3389 1144 3446 τού
1174 3407 1189 3446 ε
1215 3381 1387 3447 inserenda

252 3494 336 3553 sunt.
382 3487 461 3550 Cum
476 3485 531 3550 alii
548 3485 731 3567 dupplicem
748 3485 886 3550 sormam
902 3476 1127 3567 dignoscerent
1144 3487 1256 3570 ἐπήτης
1274 3486 1384 3569 ἐπήτοο

252 3593 282 3675 (ν
313 3594 385 3654 332.
430 3609 447 3650 σ
477 3587 551 3662 128)
581 3593 613 3650 et
641 3588 749 3670 ἐπητύς
778 3588 857 3654 -τύος
886 3589 922 3670 (φ
952 3589 1041 3672 306),
1069 3589 1125 3652 Ar.
1148 3588 1265 3670 ubique
1287 3605 1385 3650 unam

251 3693 360 3776 posuit
388 3693 524 3757 formam
553 3690 664 3775 ἐπητής
692 3689 776 3757 πέος.
822 3688 869 3753 uf.
899 3689 998 3754 schol.
1022 3711 1036 3751 ν
1061 3694 1122 3753 332
1146 3729 1188 3738 -
1209 3729 1251 3738 -
1274 3690 1386 3772 ἐπητής

252 3832 292 3846 -—
323 3831 363 3842 --
392 3796 428 3877 τῇ
457 3794 607 3878 πμοσωδίη
634 3796 675 3859 ὡς
702 3792 832 3876 ἀπεικής,
862 3793 947 3875 φησὶν
977 3789 1086 3876 Ἀμίστ.
1137 3792 1249 3874 ltaqve
1278 3812 1295 3854 σ
1324 3794 1384 3854 128

250 3895 379 3978 legebat
408 3896 511 3978 ἐπητεῖ
534 3895 559 3958 δ’
590 3895 674 3978 ἀνδρί
699 3931 740 3942 -
767 3932 808 3940 -
837 3929 887 3957 -.
932 3892 975 3958 Et
1003 3915 1075 3958 cum
1101 3895 1222 3960 formas
1251 3913 1315 3959 non
1339 3893 1385 3956 di-

252 4001 429 4079 gnosceret,
453 4017 517 4060 non
540 3995 735 4061 solumina
760 3998 822 4058 332
846 4001 878 4060 et
900 4017 918 4059 σ
942 3999 1002 4059 128
1026 3996 1082 4060 sed
1105 3997 1202 4061 etiam
1225 3999 1325 4081 φ306
1343 3995 1384 4058 si-

252 4098 488 4182 gnificationem
517 4100 626 4180 posuit
653 4098 801 4163 eandem:
832 4099 960 4172 σονετύς,
989 4085 1158 4184 εύγνιύμων.
1205 4099 1308 4176 Qvara
1335 4118 1384 4162 er·

251 4221 357 4265 rorem
386 4198 523 4276 evitavit,
552 4201 586 4262 in
615 4221 706 4281 qvem
735 4200 790 4264 alii
817 4201 850 4264 in
877 4201 977 4282 iisqve
1005 4201 1253 4285 lexicographus
1275 4205 1384 4266 noster
