3098 4874
310 256 349 317 56

267 441 319 523 τὴν
342 440 454 526 τροφὴν
478 439 553 524 ύχὴν
577 439 734 524 εἰρηκότος·
759 440 859 506 ἔπειτα
879 465 906 504 κ.
930 445 997 510 τοῦς
1018 440 1134 527 Τρῶας,
1150 443 1295 526 μηδαμῶς
1309 439 1415 509 ὄντας

267 544 412 623 νησιώτας
433 577 477 646 -3
498 578 540 588 -
563 543 657 612 οὕτως
678 542 765 626 λέγει.

372 645 506 729 ἀείρας.
549 644 730 710 Articulum
752 646 941 712 Aristarcho
962 645 1081 724 deberi,
1102 652 1239 730 apparet
1257 665 1275 710 e
1295 643 1413 710 schol.

269 745 311 812 ad
333 746 357 809 Z
381 750 453 810 264.

372 847 465 913 ἄελλα
492 887 533 898 -
559 886 601 897 -
629 849 678 911 καὶ
704 849 720 911 ὁ
747 849 894 935 κονιορτὸς
923 849 1076 933 ἀελλύιδης
1104 849 1256 934 ἀελλής,
1280 849 1342 912 οἷον
1371 847 1413 911 ἄν

270 972 311 1018 τις
338 951 397 1014 ἀπὸ
424 956 481 1014 τῶν
510 952 622 1014 ἀελλῶν
649 949 770 1033 γένοιτο·
798 988 856 1034 „—
883 987 925 998 -
952 952 1102 1020 κονίσαλος
1128 950 1233 1035 ὤρνυτ’
1263 951 1411 1034 ἀελλής.“

270 1052 360 1118 Haec
393 1053 439 1118 sic
470 1051 632 1134 intellego,
665 1051 707 1116 ab
740 1051 833 1116 ἄελλα
859 1052 1059 1118 substantivo
1088 1058 1121 1118 et
1146 1053 1177 1118 vi
1205 1057 1238 1117 et
1264 1057 1410 1118 accentu

271 1153 530 1236 distinguendum
553 1174 622 1218 esse
643 1154 752 1238 ἀελλής
774 1153 976 1237 adjectivum,
998 1161 1034 1219 ut
1055 1155 1088 1218 in
1111 1177 1139 1219 v.
1163 1153 1186 1218 Γ
1211 1158 1260 1233 13,
1283 1153 1341 1218 ubi
1358 1177 1412 1216 κο·

271 1257 386 1324 νίσαλος
413 1256 522 1340 ἀελλής
543 1277 603 1338 pro
624 1257 771 1341 κονιορτὸς
793 1256 955 1339 ἀελλιύδης.
1001 1255 1048 1320 Of.
1071 1257 1122 1320 Et.
1146 1255 1189 1320 M.
1212 1257 1335 1340 ἁελλήςι
1364 1292 1412 1302 -

273 1395 315 1406 -
343 1359 507 1442 ἀελλώηδς,
534 1360 737 1442 κονιορτύδης.
781 1357 841 1422 His
868 1378 944 1423 vero
972 1357 1089 1424 similia
1116 1357 1214 1423 schol.
1239 1357 1339 1422 habet
1364 1357 1411 1420 ad

273 1457 297 1521 Γ
325 1463 364 1524 13
387 1463 406 1545 ἡ
431 1463 518 1545 διπλῆ
542 1461 641 1523 ὅτιού
664 1460 743 1543 λέγει
764 1461 820 1550 ὑπὸ
843 1461 942 1522 ποδῶν
965 1460 1073 1543 σἰἐλλης
1096 1459 1235 1543 (sabat),
1259 1459 1335 1522 ἀλλὰ
1359 1482 1410 1522 κο-

273 1563 388 1630 νίσαλος
411 1563 530 1647 ἀελλής,
552 1562 714 1644 ἀελλώδης.
910 1587 913 1593 ·

377 1662 558 1748 Αἰγύπτῳ.
602 1662 728 1726 Dicitur
760 1661 848 1744 apud
880 1661 973 1727 Hom.
1007 1668 1039 1728 et
1073 1668 1194 1728 terram
1221 1660 1409 1746 significare
1518 1651 1519 1654 '

275 1771 307 1830 et
328 1763 470 1844 fluvium,
494 1785 585 1847 qvem
608 1763 715 1827 Νεῖλον
733 1761 866 1833 Ἡσίοδος
887 1787 914 1827 κ.
938 1765 965 1826 οἱ
978 1765 1077 1828 λοιποί
1088 1765 1233 1830 vocarint
1249 1813 1255 1828 .
1273 1813 1280 1828 .
1298 1812 1305 1828 .
1322 1764 1411 1830 Item

275 1867 327 1930 Et.
350 1865 393 1930 M.
417 1871 450 1932 et
471 1866 582 1932 scholl.
604 1867 746 1932 Ariston.
769 1867 811 1931 ad
832 1867 846 1937 Ε
869 1869 942 1930 246.

380 1969 576 2054 αίναρέτης
598 1969 646 2032 ἐπὶ
668 1975 749 2056 κακῷ
772 1971 825 2054 τὴν
848 1969 956 2054 ἀρετὴν
971 1967 1269 2054 κεκτημένος,Π31.
1304 1969 1411 2034 Para·
1519 1981 1520 1994 ²

276 2070 403 2152 phrasis
425 2070 467 2136 ab
489 2071 676 2137 Aristarcho
699 2071 855 2154 profecta,
879 2077 915 2136 ut
936 2071 1058 2136 indicat
1080 2071 1179 2136 schol.
1202 2069 1230 2134 Π
1253 2075 1303 2134 31.
1342 2070 1409 2134 Alii

277 2177 384 2236 autem
412 2172 597 2239 scribebant
618 2172 672 2236 αἰν’
697 2174 814 2259 ἀρετῆς,
837 2193 961 2240 versum
985 2173 1032 2237 sic
1054 2173 1266 2255 explicantes:
1298 2173 1410 2257 ἀρετῆς
1520 2227 1521 2232 ,

277 2275 306 2336 τί
330 2294 382 2337 σεο
409 2274 499 2343 ἄλλος
521 2276 666 2361 ὀνήσεται.
710 2275 832 2341 Ultima
853 2297 929 2341 vero
952 2274 1080 2341 articuli
1102 2274 1210 2354 verba,
1233 2276 1266 2338 τὸ
1289 2276 1324 2338 δὲ
1344 2275 1411 2338 κατ’

279 2375 404 2440 ἐπίτασιν
433 2378 525 2440 δεινὸν
553 2378 641 2442 κακόν
670 2378 744 2442 ἐστιν
772 2379 814 2446 οἷς
841 2377 875 2442 ἄν
904 2378 995 2441 δεινὸν
1019 2379 1166 2464 φαίνηται,
1189 2377 1335 2460 oqvidem
1359 2396 1412 2440 me

278 2498 342 2542 non
375 2478 560 2561 intellegere
593 2479 756 2544 confiteor.
801 2479 934 2546 Villoiso
962 2480 1072 2544 vertit:
1101 2479 1272 2559 „intensive
1300 2485 1409 2543 autem

280 2579 397 2643 dicitur
420 2579 527 2658 δεινύν;
556 2580 639 2662 qvod
662 2580 851 2663 quibusdam
874 2601 943 2646 esse
964 2580 1090 2646 videtur
1111 2580 1287 2645 maximum
1309 2579 1411 2645 malo-

279 2683 378 2745 rum“.
407 2680 461 2766 (ll)
485 2681 589 2766 Etym.
613 2681 656 2746 M.
680 2683 832 2767 αἰναρέτηι
856 2682 903 2746 ἐπὶ
924 2685 1004 2769 κακῷ
1027 2680 1191 2766 κεκτημένη
1215 2683 1267 2766 τὴν
1291 2681 1409 2766 ἀρετήν.

280 2785 358 2846 αἰνὸν
386 2783 441 2868 γὰρ
470 2784 502 2846 τὸ
529 2785 660 2868 χαλεπὸν
688 2785 737 2848 καὶ
764 2785 854 2848 δεινὸν
882 2786 931 2848 καὶ
958 2785 1056 2848 κακὸν.
1079 2820 1120 2830 -
1144 2819 1182 2830 -
1208 2783 1301 2852 οὕτως
1324 2783 1411 2868 εὖρον

281 2885 397 2969 σχόλιον
425 2885 536 2954 hrota
562 2885 604 2952 π’.
633 2886 746 2972 (Vides
773 2887 835 2951 hoc
861 2886 1017 2950 scholium
1046 2907 1117 2950 cum
1139 2891 1250 2952 nostro
1272 2885 1411 2950 articulo

282 3007 481 3050 communem
509 2987 629 3053 habere
657 2986 803 3071 fontem.)
847 2987 959 3070 ltaqve
987 2988 1033 3052 sic
1056 2987 1193 3052 fortasse
1220 2987 1412 3070 Apollonius

281 3088 324 3152 sit
346 3087 578 3176 emendandus:
607 3091 640 3152 τὸ
669 3091 702 3152 δὲ
730 3091 794 3154 κατ’
816 3089 943 3152 ἐπίτασιν
966 3090 1057 3153 δεινὸν
1080 3091 1138 3152 καί
1160 3089 1247 3152 κακύν
1271 3089 1346 3152 ἐστιν
1369 3089 1411 3156 οἷς

283 3188 439 3295 tutotuto
462 3213 613 3275 ραινηται;
635 3191 682 3256 ita
703 3198 740 3256 ut
761 3191 861 3255 αἰνύν
884 3192 926 3256 sit
948 3212 1107 3256 summum
1129 3191 1297 3256 malorum.

386 3291 571 3356 αἰδεῖσθαι
604 3292 714 3358 eodem
743 3292 848 3370 modo,
876 3299 971 3376 atqve
998 3293 1053 3356 Ar.
1083 3291 1192 3370 voluit,
1216 3291 1409 3374 explicatur:

284 3393 362 3461 ἰδίως
390 3393 606 3478 προσδέχεσθαι
632 3395 680 3458 τὸν
708 3394 804 3478 ἱκέτην
832 3396 868 3456 δι’
897 3394 1039 3479 ἐντροπῆς
1068 3431 1107 3440 -
1131 3431 1172 3441 -
1194 3393 1277 3459 Item
1298 3393 1409 3458 scholl.

283 3493 311 3557 A
340 3497 392 3572 23,
419 3494 450 3557 Χ
481 3499 551 3574 124,
575 3493 600 3558 Ω
624 3499 686 3560 208
710 3501 782 3561 cett.
827 3495 939 3578 Itaqve
965 3496 1061 3560 etiam
1088 3494 1200 3561 scholl.
1227 3494 1305 3560 (lod.
1332 3495 1410 3560 Ven.

283 3595 320 3660 B.
343 3595 386 3660 ad
407 3596 436 3659 A
459 3599 498 3659 23
522 3601 554 3660 et
574 3596 605 3659 X
631 3600 690 3662 124
712 3596 900 3662 Aristarcho
922 3597 1133 3663 vindicantur.

387 3697 473 3762 ἄϊον.
511 3698 650 3780 Propter
665 3718 865 3764 communem
880 3698 1144 3782 significationem
1160 3697 1255 3762 simul
1271 3702 1411 3762 tractan-

284 3804 337 3863 tur
371 3801 442 3864 ἀΐειν
476 3805 517 3874 et¹
540 3801 636 3864 κλύειν
665 3805 697 3866 et
723 3800 776 3864 hic
803 3785 836 3864 et
861 3805 976 3881 postea
1002 3820 1027 3865 s.
1056 3801 1188 3864 κλύειν.
1233 3799 1411 3882 Utrumque

284 3902 393 3986 κυρίως
425 3902 606 3986 significare
638 3901 756 3967 dicitur
783 3901 909 3978 ἀκούειν,
938 3901 995 3986 sed
1023 3902 1119 3968 etiam
1147 3901 1324 3984 generatim
1351 3920 1411 3984 pro

285 4002 439 4068 αἰσθέσθαι
465 4011 497 4070 et
524 4004 714 4068 ἑπαισίλέσθαι
742 4003 900 4086 usurpari.
946 4003 1091 4068 Eandem
1113 4001 1211 4068 fuisse
1232 4001 1409 4068 Aristarchi

284 4105 485 4183 sententiam,
518 4126 535 4170 e
567 4106 696 4172 schohis
728 4111 865 4188 apparet
893 4105 935 4170 ad
963 4104 990 4168 Ο
1018 4108 1080 4169 252
1109 4105 1196 4190 (ἄϊον,
1224 4104 1410 4189 ἐπησύύμην,
