3108 4870
1185 332 1241 392 111

171 563 213 575 -
241 523 363 590 τυπείς
390 571 397 585 .
422 570 429 584 .
458 520 580 606 τύψας.
603 517 630 582 Π
655 521 724 582 105.
746 515 774 580 Y
797 519 859 582 378
881 522 954 581 0011.
977 517 1012 581 L.
1035 520 1089 581 Ar.
1114 520 1151 580 51
1176 537 1223 600 sq.
1245 555 1289 566 -

171 627 317 692 ὕπαιθα.
342 624 371 687 Φ
395 625 465 686 255.
488 623 518 685 X
542 625 612 685 141.
628 658 671 670 --
689 620 837 707 φέρτρῳ.
855 618 878 682 Σ
897 623 968 684 236.
987 657 1026 668 -
1044 620 1165 706 φηγὺς.
1182 620 1198 684 Ι
1216 624 1288 686 354.

171 731 203 794 Η
226 733 275 792 22.
298 765 338 775 -
363 725 512 811 φλέγμα.
536 723 565 786 Φ
589 727 660 786 337.
682 761 724 772 -
746 727 957 808 φωριαμοῖς.
982 721 1007 784 Ω
1026 723 1212 788 aas-Ex
1228 724 1289 788 hoc

171 851 303 897 numero
326 833 491 911 exceptam
507 832 669 909 postremo
686 825 825 909 glossam
841 845 959 907 ponam
975 825 1134 910 προτέρω
1147 825 1187 894 εἰς
1203 825 1290 910 τοῦμ-

170 933 308 1018 προσθεν.
353 931 434 996 Item
462 929 571 994 soholl.
594 928 634 992 Κ.
658 931 730 991 469.
754 952 763 990 ι
785 931 835 991 62.
881 926 944 992 Sed
964 928 1015 991 Et.
1039 927 1081 992 M.
1105 929 1136 992 h.
1159 952 1197 993 v.:
1221 953 1289 1014 τορ-

172 1035 303 1122 ρωτέρω,
331 1034 372 1102 εἰς
397 1031 520 1118 τοῦμτρ.
547 1033 567 1116 ἢ
597 1029 748 1115 ἐνδοτέρω·
776 1032 796 1115 ἢ
825 1030 973 1115 πρότερον.
1001 1032 1108 1114 γίνεται
1127 1033 1202 1095 κατὰ
1223 1053 1290 1116 σογ-

170 1142 264 1224 κοττὴν
293 1139 350 1202 ἀπὸ
377 1141 429 1199 τοὺ
451 1135 639 1220 πορρωτέρω.
662 1135 710 1197 καὶ
732 1133 907 1219 προτέρωσε.
931 1132 1135 1204 Ἀπολλώνιος.
1180 1135 1214 1199 Si
1234 1135 1288 1199 ille

172 1242 276 1326 Apoll.
299 1241 383 1304 idem
406 1244 455 1304 est
477 1245 570 1320 atqve
591 1237 644 1302 hic
667 1243 784 1314 noster,
807 1244 883 1302 1000
905 1257 982 1301 0000
1003 1244 1171 1320 excerptus
1188 1245 1220 1303 et
1236 1238 1289 1304 de-

173 1349 316 1411 curtatus
338 1342 379 1408 ad
401 1341 620 1424 posteritatem
642 1341 794 1422 pervenit.

274 1449 344 1532 §2
388 1445 438 1509 Ab
470 1443 543 1522 illis,
578 1463 655 1526 qvas
688 1443 832 1525 proxime
863 1442 1007 1520 tractavi,
1040 1442 1127 1506 haud
1154 1442 1288 1507 multum

175 1548 326 1614 differunt
358 1547 440 1612 aliae
471 1545 625 1629 quaedam
659 1544 793 1628 glossae.
838 1543 982 1608 Pendent
1008 1543 1068 1609 hee
1096 1565 1218 1628 qvoqve
1247 1545 1289 1610 ab

174 1651 350 1716 Aristarchi
388 1649 579 1714 auctoritate
616 1669 655 1713 ac
685 1647 830 1730 pluribus
862 1647 966 1712 verbis
999 1668 1092 1730 qvam
1124 1651 1290 1730 proximae

173 1754 248 1819 illae
279 1753 464 1836 plerumque
497 1757 647 1816 exaratae
678 1757 765 1828 snnt;
794 1755 911 1827 tamon,
940 1749 1023 1832 qvod
1050 1751 1159 1816 multis
1187 1752 1289 1818 modis

173 1858 330 1924 sententia
356 1855 528 1921 obscurata
555 1860 603 1918 001
630 1858 686 1918 001
706 1852 841 1917 fluctuat
863 1859 895 1916 et
917 1858 1003 1918 totus
1025 1855 1178 1919 sermonis
1202 1855 1291 1920 color

172 1967 239 2026 tam
272 1961 413 2024 incertus
446 1962 504 2034 001,
536 1962 573 2020 01
599 1955 844 2038 lexicographus
872 1955 941 2037 1000
967 1955 1116 2038 ignorare
1144 1957 1290 2023 videatur

172 2062 351 2128 Aristarchi
377 2059 551 2124 sententias
578 2079 613 2124 se
635 2056 759 2135 afferre,
781 2057 851 2121 fieri
871 2078 935 2122 non
957 2063 1072 2140 001001,
1094 2064 1131 2122 01
1152 2080 1191 2124 ex
1211 2061 1290 2143 ipsis

173 2166 241 2231 Arzi
269 2161 504 2228 commentariis
530 2161 589 2224 has
615 2160 777 2242 prolectas
805 2179 873 2224 esse
901 2160 1038 2225 credam.
1084 2159 1183 2238 Qvid?
1206 2164 1289 2245 qvod

173 2265 334 2330 interdum
367 2265 505 2330 auctoris
537 2263 670 2346 vestigia
701 2261 753 2325 vix
785 2263 985 2344 agnoscimus
1013 2268 1053 2342 01,
1082 2284 1139 2328 our
1166 2265 1207 2329 ab
1233 2265 1290 2331 illo

173 2367 299 2452 singula
320 2371 429 2432 001010
451 2367 524 2444 0101,
547 2365 635 2430 10101.
678 2363 790 2447 Itaque
808 2385 878 2428 oum
897 2365 947 2428 Αιὶ
962 2385 1027 2429 000
1043 2366 1180 2448 prodeat
1194 2368 1291 2450 plena

174 2469 327 2549 doctrina,
351 2491 421 2534 cum
442 2468 544 2534 falsae
564 2468 852 2550 interpretationes,
875 2465 988 2549 qvibus
1009 2466 1062 2532 1110
1083 2471 1209 2550 restitit,
1225 2493 1289 2537 non

174 2577 469 2646 commemorentur,
498 2593 570 2636 cum
598 2570 731 2652 denique
757 2571 830 2652 ipsa
851 2590 975 2634 summa
996 2571 1043 2634 rei
1065 2571 1156 2650 desit,
1179 2579 1211 2638 et
1231 2597 1289 2640 nu-

171 2674 231 2740 dae
263 2681 388 2741 tantum
420 2695 532 2740 vocum
566 2672 812 2758 significationes
843 2671 1028 2754 plerumque
1060 2679 1178 2754 extent,
1210 2677 1291 2742 haec

171 2797 293 2859 qvoqve
325 2799 343 2842 0
375 2776 529 2858 glossario
562 2775 629 2854 illo,
655 2775 701 2844 ,de
734 2795 794 2857 qvo
825 2774 884 2858 egi,
916 2775 1019 2857 001110
1044 2796 1112 2841 esso
1139 2781 1289 2860 putarim.

171 2877 328 2959 Exempla
349 2897 417 2941 rem
438 2876 653 2943 illustrabunt.

274 2979 378 3049 ἑανός
404 2978 514 3064 ἔνδυμα
539 2985 698 3062 γυναικεῖον
725 2979 755 3066 [ὃ
782 2981 831 3043 καὶ
851 2979 960 3048 πέπλος
985 2980 1063 3063 λέγει
1079 2976 1216 3068 Ὄμηρος
1238 3006 1291 3051 00-

172 3082 288 3148 cedent
310 3103 349 3147 ex
370 3083 447 3147 Hes.
468 3082 564 3165 plane
587 3084 826 3168 consentientc],
848 3083 928 3167 παρὰ
950 3083 983 3146 τὸ
997 3083 1140 3148 ἕννυσθαι.
1172 3087 1290 3155 Ηο010-

170 3205 231 3250 nus
253 3186 309 3249 Ar.
332 3185 481 3268 loquitur,
505 3185 545 3250 01.
568 3186 679 3252 scholl.
702 3185 729 3250 Π
753 3191 782 3249 9.
805 3185 829 3249 Ξ
855 3189 925 3250 178.
969 3185 1049 3252 Inde
1071 3188 1150 3254 haec
1172 3193 1290 3274 excipi-

169 3293 244 3354 un'l:
278 3290 413 3374 σημαίνει
445 3287 478 3351 δέ
510 3311 580 3352 ποτε
612 3291 661 3352 καὶ
692 3290 740 3352 τὸν
774 3288 956 3372 εὐδιάχυτον,
990 3289 1058 3352 ὅταν
1085 3291 1158 3376 λέγῃ
1186 3294 1291 3376 ,ἑανοῦ

170 3391 376 3477 κασσιτέροιο“,
410 3392 468 3455 ἀπὸ
501 3395 553 3454 τοὺ
585 3393 659 3456 κατὰ
690 3394 743 3476 τὴν
770 3392 897 3476 χωνείαν
926 3391 1057 3455 ἀνίεσθαι
1084 3394 1291 3480 (etymologia

169 3497 364 3560 recentiores
390 3493 524 3572 redolet,
553 3494 593 3559 01.
615 3495 653 3559 Ε.
676 3494 729 3575 Μ’,
754 3495 843 3560 deest
865 3516 905 3560 ex
925 3493 1025 3582 Hes).
1071 3497 1140 3561 ὅταν
1162 3499 1195 3562 δὲ
1216 3499 1289 3585 λέγῃ

171 3597 263 3682 ,ἑανῷ
294 3601 348 3662 λιτὶ
379 3599 535 3686 καλοψεν“,
570 3597 726 3684 ἐπιβολαίῷ
760 3601 829 3685 λιτῷ
857 3599 999 3683 σημαίνει.
1027 3600 1097 3662 ποτὲ
1123 3607 1164 3688 τῷ
1192 3606 1290 3690 λεπτῷ

171 3699 327 3783 ὑφάσματι.
371 3701 483 3784 110ον0
505 3701 738 3766 substantivum
756 3707 788 3765 01
802 3700 918 3784 adjeot.
934 3702 995 3764 ἑαν.
1010 3703 1094 3766 inter
1109 3723 1143 3767 00
1158 3705 1292 3771 confusa

171 3805 254 3865 sunt.
298 3801 342 3866 At
366 3801 424 3868 illa
450 3827 521 3868 τοτε
547 3828 608 3868 κτκ.
638 3803 713 3886 qvid
738 3804 770 3868 h.
797 3803 818 3868 l.
842 3804 902 3868 sibi
925 3804 1031 3882 velint,
1053 3805 1169 3872 nescio.
1214 3808 1292 3874 (lor-

170 3908 268 3986 rnpta
294 3923 363 3968 0000
391 3910 490 3987 00101.
534 3906 613 3971 Cum
642 3907 724 3971 enim
751 3907 785 3970 in
812 3907 887 3971 Hes.
915 3907 1291 4001 00000101...,1ανῷ

169 4007 214 4070 λ.“
240 4007 261 4091 ἦ
290 4009 387 4094 λεπτῷ
416 4009 564 4093 ὑφάσματι
589 4011 609 4094 ἢ
637 4013 705 4096 λινῷ
733 4011 908 4096 περιβολαίφ
936 4017 968 4074 01
993 4011 1026 4074 10
1053 4011 1091 4076 Ε.
1119 4013 1162 4078 Μ.
1187 4021 1290 4104 ..τῷ

169 4107 244 4192 ἐτιβ.
272 4133 299 4175 κ.
322 4113 419 4198 λεπτῷ
442 4112 502 4197 ὑφ,
524 4112 571 4178 010
591 4112 716 4179 lexicon
739 4120 787 4178 001
809 4112 1055 4180 emendandum:
1079 4164 1087 4179 .
1111 4165 1118 4180 .
1143 4165 1150 4180 .
1174 4118 1199 4182 ἐ.
1221 4122 1291 4207 λιτῷ

168 4211 190 4297 ᾗ
212 4215 310 4303 λεπτῷ
333 4216 382 4301 ὑφ.
405 4217 547 4301 σημαίνει.
570 4253 611 4266 -
