3090 4880
311 395 351 456 68

248 566 332 642 ,Oro
360 568 392 627 et
420 561 563 646 Orione).
609 561 738 632 Scholia
766 564 968 630 Aristonices
989 564 1022 630 in
1045 564 1179 630 cundem
1201 585 1340 643 sensum,
1361 563 1392 628 N

266 669 328 730 366
352 665 397 729 ὅτι
419 664 487 728 ἕδνα
510 665 641 730 ἐδίδοσαν
665 667 691 728 ol
715 665 951 749 μνηστευόμενοι.
985 665 1067 732 Item
1088 667 1199 732 scholl.
1216 667 1258 732 ad
1272 666 1303 730 N
1319 669 1391 732 382.

264 767 292 832 ll
322 771 392 832 178.
425 767 441 832 I
471 770 541 834 146.
576 767 607 830 X
634 770 672 832 51
703 773 777 834 cett.
804 769 907 848 Atqve
934 767 1034 832 schol.
1061 789 1125 834 non
1159 769 1394 834 Aristonicsum

264 895 285 934 α
308 875 370 936 276
393 870 462 934 ἕδνα
484 870 517 940 δὲ
538 869 616 950 λέγει
637 869 673 930 τὰ
695 869 750 932 ὑπὸ
773 870 905 951 νυμφίων
928 868 1076 953 διδόμενα,
1099 870 1179 954 παρὰ
1201 871 1232 934 τδ
1255 871 1343 954 ἕδραν
1365 893 1392 933 ιι.

264 975 438 1058 παραμονὴν
460 971 603 1054 προξενεῖν
626 976 663 1051 τῇ
687 969 797 1052 νύμφη.
822 968 857 1032 τὰ
880 970 913 1032 δὲ
935 971 991 1032 ύπδ
1013 971 1147 1055 πατέρων
1163 975 1308 1058 κειμήλια.
1325 973 1395 1036 ἕδνα

265 1078 301 1140 τὰ
330 1075 469 1157 διδόμενα
496 1074 578 1154 δῶρα
605 1071 662 1134 ὑπὸ
688 1074 741 1132 τού
766 1073 930 1153 γαμοῦντος
956 1071 994 1152 τῇ
1022 1074 1141 1151 γυναικί.
1172 1077 1276 1159 φερναὶ
1304 1074 1396 1138 δὲτὰ

264 1179 386 1259 ὑπὸτῆς
399 1173 542 1256 γυναικός,
558 1173 638 1256 παρὰ
653 1173 685 1234 τὸ
701 1172 797 1257 φέρειν
815 1172 855 1241 εἰς
870 1171 957 1256 εὐνήν
972 1172 1009 1236 Ε,
1027 1171 1062 1249 Q.
1079 1197 1098 1236 α
1115 1178 1176 1238 277
1192 1177 1286 1241 idem.
1312 1179 1329 1263 β
1344 1179 1394 1240 53.

255 1391 261 1400 γ
368 1311 513 1374 ἐείσατο
535 1309 690 1393 ὡμοιώθη.
714 1310 790 1392 (hoo
813 1307 981 1374 delendum
1005 1329 1077 1373 cum
1098 1308 1216 1394 Tollio)
1239 1316 1326 1374 τούτο
1348 1314 1398 1376 ἐπὶ

264 1420 316 1478 τού
339 1414 481 1498 ὡμοιώθη
506 1449 546 1460 -
570 1451 610 1459 -
633 1417 823 1498 φανῆναι-
846 1449 887 1460 --
911 1411 1096 1475 διελθεῖν-
1120 1449 1160 1460 -
1183 1411 1296 1497 είσομοι
1317 1415 1338 1477 i.
1362 1436 1394 1497 q.

264 1521 423 1603 γνώσομαι
469 1512 675 1578 Aristarchus
707 1514 782 1578 huic
813 1512 969 1578 vocabulo
1004 1512 1124 1596 diplom
1157 1515 1317 1596 apposuit,
1351 1515 1398 1577 ότι

265 1621 359 1686 πολλὰ
388 1620 530 1703 σημαίνει.
576 1615 766 1680 Observavit
793 1616 876 1680 enim
905 1616 1057 1701 εἰσάμενος
1083 1616 1112 1680 Ν
1135 1619 1175 1680 45
1199 1636 1268 1682 esse
1290 1618 1397 1701 ὁμοιω-

265 1726 337 1804 θείς,
360 1722 394 1786 Μ
419 1724 479 1784 118
503 1719 600 1782 εἴσατο
623 1715 805 1800 significare
826 1719 949 1801 ὥρμησε
971 1742 996 1780 κ.
1015 1719 1164 1803 ἐπορεύθη
1181 1719 1238 1782 ἀπὸ
1257 1723 1310 1782 τού
1327 1719 1397 1804 εἶμι,

266 1850 282 1889 ε
312 1829 370 1888 281
403 1822 508 1907 ἐφάνη,
536 1821 557 1884 θ
586 1823 646 1882 532
673 1824 792 1901 γνῶναι,
820 1817 845 1881 Θ
870 1821 931 1882 532
955 1819 1070 1903 εἴσομαι
1092 1841 1161 1885 csse
1182 1823 1342 1904 γνώσομαι,
1366 1821 1396 1884 Φ

268 1932 329 1992 335
358 1925 539 2010 πορεύσομαι
566 1925 626 1986 etc.
673 1920 760 2005 (Vid.
784 1919 895 1985 scholl.
919 1921 960 1985 ad
982 1919 1014 1984 ll.
1031 1921 1081 2006 ll.)
1099 1921 1146 1986 Of.
1169 1921 1220 1986 Et.
1237 1921 1281 1986 M.
1309 1922 1396 1988 είδωι

266 2031 401 2115 σημαίνει
423 2027 495 2090 ἑπτά
517 2049 544 2088 κ.
568 2047 592 2086 τ.
616 2025 643 2086 λ.

369 2165 515 2231 ἔθοντες
538 2159 709 2244 εἰθισμένως
731 2159 944 2243 ἐπιφοιτῶντες.
968 2197 1009 2207 -
1032 2161 1064 2222 τὸ
1087 2161 1158 2224 αὐτὸ
1181 2163 1229 2224 καὶ
1244 2197 1285 2210 -
1302 2161 1397 2226 ἔθων

266 2270 296 2351 (Ι
325 2271 402 2351 540)
430 2266 458 2335 ἐξ
486 2263 574 2331 ἔθους
596 2260 888 2346 παραγινόμενος-
912 2298 962 2324 -.
1009 2261 1193 2344 Explicatis
1216 2263 1399 2328 Aristarchi

266 2377 328 2448 σεδ,
352 2369 384 2434 id
407 2371 532 2432 tantum
555 2364 717 2438 omissum,
741 2362 989 2446 glossographos
1008 2361 1085 2428 ἔθων
1108 2363 1302 2430 intellexisse
1329 2365 1399 2450 βλά-

266 2495 346 2538 πτων
371 2471 413 2555 (ν.
437 2465 535 2532 sohol.
559 2465 684 2546 1540).

370 2587 550 2652 ἐλαύνωσι
576 2584 713 2667 θερίίωσι
741 2583 780 2663 (Λ
809 2581 875 2666 68).
899 2584 918 2665 ἡ
941 2581 996 2666 γὰρ
1019 2582 1052 2644 ἐκ
1074 2585 1173 2668 χειρός
1196 2585 1278 2671 τύψις
1300 2583 1399 2653 ἔλασις

267 2694 479 2779 μεταφορικῶς·
514 2687 616 2750 ἐλάσαι
649 2685 704 2768 γὰρ
737 2684 770 2745 τὸ
805 2683 838 2745 ἐκ
863 2684 962 2766 χειρὸς
989 2683 1085 2770 τύψαι.
1130 2685 1191 2750 Hic
1218 2688 1326 2752 nescio
1355 2707 1400 2752 an

262 2795 420 2880 qvaedsm
442 2790 550 2867 verba,
573 2787 615 2854 ad
637 2786 782 2850 notiones
803 2786 941 2868 θερίίωσι
962 2791 994 2850 et
1016 2787 1103 2873 τύψαι
1124 2787 1207 2853 inter
1235 2810 1269 2853 sc
1285 2809 1399 2854 conso·

267 2898 400 2964 ciendos
433 2891 623 2966 necessaria,
657 2887 882 2964 desideremus,
915 2887 957 2951 nd
991 2889 1075 2972 qvod
1109 2891 1206 2954 etiarn
1233 2889 1313 2954 illud
1340 2892 1398 2975 γάρ

267 3005 415 3082 spectare
442 2995 576 3060 videtur.
622 2991 734 3072 ltaqve
759 2989 793 3052 in
822 2989 908 3054 hunc
929 2989 997 3055 fere
1019 2991 1163 3056 modum:
1186 2991 1332 3075 θερίζωσι.
1357 2993 1400 3077 [ot

265 3102 321 3185 γὰρ
351 3099 513 3183 θερίζοντες
536 3095 568 3158 ἐκ
590 3092 688 3176 χειρδς
710 3091 871 3175 τύπτουσι]
894 3094 914 3176 ἡ
939 3093 971 3156 δὲ
993 3094 1026 3157 ἐκ
1047 3095 1146 3178 χειρός
1167 3094 1249 3180 τύψις
1270 3097 1331 3156 κτλ.
1356 3093 1398 3158 cf.

266 3204 328 3269 lex.
352 3203 412 3282 Ap.
436 3219 461 3264 s.
484 3219 512 3261 ν.
535 3195 688 3280 ἤλασανε
711 3229 752 3240 -
777 3229 816 3240 -
839 3195 887 3257 καὶ
912 3195 1079 3260 ύσκσίπτων
1097 3197 1129 3259 δὲ
1146 3196 1179 3258 ἐκ
1194 3196 1294 3280 χειρὸς
1309 3201 1397 3260 παιεῖ.

268 3305 333 3372 Sed
360 3301 460 3366 verba
481 3299 537 3362 illc
559 3297 661 3360 ἐλάσαι
681 3295 736 3380 γὰρ
761 3303 820 3374 etc,
844 3318 916 3361 cum
939 3299 1034 3362 modo
1057 3297 1143 3362 dicta
1165 3303 1290 3362 tantum
1305 3319 1399 3381 repe·

268 3413 347 3485 tent,
372 3410 447 3469 sunt
468 3419 706 3483 supervacaneo
729 3405 761 3464 et
783 3399 920 3464 fortasse
941 3398 1165 3480 interpolatori
1180 3399 1396 3466 attribuenda.

267 3508 417 3574 Ceterum
439 3503 644 3568 Aristarchus
666 3501 775 3566 docuit
795 3501 924 3564 ἐλαύνειν
941 3521 1012 3563 cum
1031 3499 1161 3578 οὐτάσαι,
1177 3501 1274 3588 τύψαι,
1292 3502 1399 3586 πλῆξαι

267 3610 379 3676 eodem
407 3606 478 3672 loco
508 3603 691 3669 habendum
712 3623 796 3668 esse:
821 3601 964 3666 cominus
986 3600 1082 3666 ferire
1104 3602 1153 3667 vel
1175 3603 1260 3668 icere
1283 3603 1398 3686 (Lehrs

266 3714 322 3777 Ar.
346 3733 378 3794 p.
403 3713 454 3786 64,
478 3710 544 3791 65),
568 3705 607 3771 cf.
630 3705 741 3771 scholl.
765 3703 807 3769 ad
829 3704 854 3766 A
877 3706 927 3780 68,
951 3705 967 3772 ζ
989 3705 1018 3766 9.

370 3828 483 3912 ἔναρα
515 3830 616 3892 σκῦλα.
661 3823 708 3888 01.
740 3823 791 3886 Et.
828 3820 870 3886 M.
898 3841 923 3886 s.
952 3842 980 3886 ν.
1008 3824 1110 3898 σκῦλα,
1139 3823 1269 3908 λάφυρα,
1299 3825 1395 3910 [soll]

267 3932 304 3995 τὰ
331 3929 475 4015 πολεμικὰ
502 3929 589 4008 ύπλα,
615 3931 656 3994 ώς
679 3925 726 3988 ἐπὶ
748 3925 884 4007 θώρακος
905 3946 933 3986 κ.
956 3925 1182 4009 περικεφαλαίας
1204 3949 1230 3988 κ.
1259 3929 1397 4010 κνημίδος

268 4035 302 4098 ἐκ
324 4037 375 4096 τού
399 4069 441 4080 -·-
463 4067 503 4080 -
528 4032 603 4114 ἀρῶ,
625 4029 658 4092 τδ
680 4026 812 4112 ἁρμύίω,
836 4025 855 4090 θ
876 4027 1021 4110 ἥρμοσται
1034 4030 1093 4094 τοῖς
1111 4028 1251 4110 σώμασιν.
1290 4027 1396 4095 Schol.

269 4138 299 4202 Κ
329 4139 389 4200 528
418 4139 450 4200 et
476 4131 518 4198 ad
540 4130 705 4214 proprium
728 4129 815 4194 vocis
837 4149 930 4196 usum
953 4133 985 4192 et
1008 4128 1049 4194 ad
1071 4149 1199 4195 sensum
1221 4129 1318 4196 latius
1340 4150 1397 4214 ρε-

267 4245 389 4306 tentem
412 4234 549 4302 attondit
571 4234 771 4318 (περιεκτικῶς
793 4231 871 4308 τόξα,
894 4231 966 4316 δδρο
989 4265 1029 4280 -
1053 4233 1118 4314 -).
