3108 4870
317 423 376 486 116

269 611 388 676 tiorum
409 610 583 694 opiniones,
605 608 646 676 ab
668 609 719 678 Et.
741 609 806 679 Mzo
828 610 859 678 h.
882 634 909 678 ν.
932 611 965 678 in
987 612 1091 678 luoem
1112 611 1268 696 prolatos.
1293 650 1330 662 -
1343 647 1385 662 -—

270 715 358 783 ἰδίους
390 713 496 783 αότοδς
529 717 585 798 (σο.
614 716 681 784 τοὺς
708 717 830 802 ὕμνους)
858 723 899 804 τῷ
927 715 1093 780 Ἀπόλλωνι
1119 742 1146 783 κ.
1174 724 1210 801 τῇ
1237 715 1387 802 Ἀρτέμιδι

269 818 459 905 προσέφερον,
480 821 522 887 ὥς
543 819 641 888 αἰτίοις
661 824 718 883 τῶν
740 824 876 906 λοιμικῶν
899 821 1002 884 παθῶν
1023 825 1084 884 κτλ.

372 921 508 1007 πρόμος
529 922 545 984 ὁ
569 922 711 1008 βασιλεύς,
735 923 752 987 ό
774 924 834 987 ἐστι
854 924 1016 1009 πρόμαχος.
1061 926 1104 987 At
1124 923 1246 988 scholio
1269 922 1385 988 diserte

268 1029 427 1090 testentur
454 1025 563 1088 Armm
592 1024 728 1092 voluisse
754 1027 837 1091 hano
863 1047 970 1092 vocem
992 1047 1055 1092 oon
1076 1047 1184 1110 regern
1206 1025 1386 1110 significare

268 1129 366 1195 sedi.
390 1149 420 1211 q.
444 1127 607 1214 πρόμαχος.
651 1128 698 1194 cf.
722 1127 745 1193 Γ
768 1135 817 1194 44.
840 1130 871 1194 Η
894 1134 944 1210 75,
970 1135 1039 1195 136.
1061 1131 1091 1194 Χ
1113 1133 1165 1194 85.

369 1231 514 1301 σπιδέος
535 1232 664 1316 ‚repono
687 1233 711 1296 A
734 1237 805 1298 754.
850 1233 897 1298 Cf.
920 1235 970 1299 Et.
993 1233 1035 1299 M.
1060 1239 1131 1312 271,
1153 1237 1182 1298 8:
1206 1231 1326 1318 Κράτης
1341 1233 1386 1297 λέ.

267 1360 321 1422 γει,
343 1336 387 1400 ότι
408 1336 542 1404 τινὲς-
564 1371 605 1384 -
628 1334 680 1420 ,δι’
704 1337 876 1406 ἀσπίδεος
897 1339 1014 1402 πεδίου“
1037 1375 1078 1386 -
1102 1337 1261 1422 ἐπιμήκους
1282 1360 1309 1400 κ.
1333 1361 1385 1421 μα-

267 1445 349 1526 κροῦ,
382 1439 402 1524 ἢ
429 1437 553 1506 πλατέος
578 1462 604 1500 κ.
634 1445 817 1525 περιφεροῦς,
845 1441 903 1503 ἀπδ
931 1445 1098 1525 μεταφορᾶς
1124 1445 1177 1525 τῆς
1203 1441 1322 1509 ἀσπιδος
1345 1479 1382 1489 -

268 1583 318 1606 -.
341 1542 425 1606 ἄλλοι
447 1543 480 1604 δὲ
501 1542 588 1604 οἱονεὶ
609 1547 661 1606 τοῦ
684 1543 803 1627 ἔχοντος
824 1543 934 1612 πολλὰς
955 1543 1139 1613 ἀσπίδας-
1156 1583 1207 1606 -.
1224 1545 1251 1606 οἱ
1267 1543 1300 1607 δέ
1316 1564 1385 1630 φασι

267 1645 429 1720 σπιδέος,
457 1649 567 1708 πολλοῦ
590 1669 616 1708 κ.
641 1651 763 1731 μακροῦ·
785 1671 813 1732 κ.
835 1647 890 1732 γὰρ
913 1644 1061 1732 Αίυχυλος
1082 1687 1122 1696 -
1145 1649 1239 1716 οὕτως
1261 1649 1383 1728 ῃσπιδιον

268 1757 324 1814 ..“
356 1773 383 1812 κ.
417 1746 595 1832 Ἀντίμαχος
623 1749 812 1828 ησπιδόδεν“.;
841 1788 881 1798 -
910 1753 958 1814 καὶ
984 1755 1076 1815 ταῦτα
1103 1752 1154 1836 μὲν
1182 1749 1382 1836 Ἀρίσταρχος·

267 1851 388 1938 Κράτης
410 1852 442 1914 δὲ
463 1857 607 1936 προκρίνει
628 1853 681 1936 τὴν
704 1853 772 1936 δίχα
794 1857 846 1916 τοῦ
868 1877 887 1916 α
903 1855 1019 1940 γραφὴν
1035 1879 1062 1918 κ.
1080 1852 1244 1938 Ζηνόδοτος
1259 1879 1285 1917 κ.
1304 1874 1383 1940 φησι,

267 1957 412 2024 σπιδέος
439 1993 476 2003 -
506 1954 636 2040 ἀσπόρου
665 1980 692 2018 κ.
720 1956 844 2042 τραχέος
865 1982 891 2020 κ.
916 1959 1045 2042 papaten
1067 1963 1128 2022 κτλ,
1172 1959 1221 2024 Ex
1243 1959 1292 2023 his
1314 1965 1383 2022 tan·

268 2067 335 2126 tum
368 2065 494 2125 constat
526 2057 663 2124 Cratetis
697 2066 728 2124 et
755 2059 909 2127 Zenodoti
936 2063 1033 2128 fuisse
1060 2063 1228 2127 lectionem
1254 2061 1383 2141 σπιδέος;

268 2165 423 2249 qvomodo
446 2171 552 2228 autem
576 2164 671 2228 Arist.
695 2164 817 2248 legerit,
841 2186 904 2230 non
926 2165 1032 2249 liqvet.
1076 2166 1191 2230 Nescio
1215 2171 1320 2231 tamen
1342 2187 1384 2230 an

267 2268 395 2334 exiliis
421 2291 449 2330 r.
476 2271 568 2330 ταῦτα
596 2293 626 2352 μ
654 2265 720 2352 Ἀρ.
749 2265 854 2352 colligi
881 2268 985 2346 liceat,
1013 2288 1217 2352 qvaeounqvo
1238 2268 1386 2350 proxima

266 2373 415 2455 leguntur
437 2369 505 2452 ejus
527 2370 705 2452 exprimere
726 2371 924 2436 sententiam.
957 2371 1037 2435 Tum
1060 2391 1134 2436 vero
1151 2371 1290 2453 primum
1306 2367 1384 2455 Κροί-

265 2499 318 2560 της
339 2473 486 2539 vitiosum
508 2479 556 2538 est
577 2479 609 2538 et
629 2474 663 2538 in
684 2471 877 2559 Ἀρίσταρχος
898 2474 1094 2540 mutandum.
1140 2473 1227 2551 Qvod
1249 2475 1276 2539 si
1297 2480 1384 2539 recte

267 2577 396 2661 conjeci,
431 2577 540 2640 Arzum
567 2576 708 2641 videmus
735 2577 841 2641 varias
868 2577 1019 2642 lectiones
1047 2582 1079 2641 et
1104 2577 1383 2659 interpretationes

266 2685 503 2758 memorantem,
526 2677 581 2743 lite
604 2699 666 2743 non
689 2678 855 2762 dirempta.
899 2679 988 2744 Idem
1002 2679 1152 2744 Lehrsius
1167 2681 1284 2744 sentire
1299 2679 1382 2745 vide-

265 2789 319 2848 tur
351 2785 405 2847 Ar.
442 2785 511 2848 153.
556 2781 602 2846 Of.
637 2781 724 2847 Curt.
757 2783 807 2847 Et.
830 2784 844 2827 ⁵
867 2787 928 2848 713
963 2785 996 2868 (ο
1028 2783 1087 2848 rad
1115 2803 1194 2864 σπα,
1224 2783 1383 2868 „weitous-

265 2886 443 2972 gedehnt“).

368 2993 475 3074 φρῖκα
508 2989 560 3072 τὴν
589 2987 756 3074 ἐπιφάνειαν
784 2993 836 3051 τοῦ
862 2987 999 3073 κύματος
1031 2987 1118 3074 [Ηθυ.
1148 2991 1164 3052 ὁ
1192 2991 1382 3062 ἐπιπολάζων

265 3096 306 3180 τῷ
334 3093 440 3177 κόματι
465 3090 588 3176 ἀφρός.
612 3140 619 3154 .
644 3091 664 3175 .]
689 3091 840 3176 »μέλαιναν
864 3095 944 3178 φρῖχ’
968 3091 1123 3161 ὑπαλύξας.
1148 3092 1191 3178 (Φ
1218 3097 1301 3178 126).
1334 3093 1381 3158 Cf.

265 3197 330 3262 soh.
355 3196 385 3260 h.
408 3195 429 3258 l.
454 3193 497 3256 ὅτι
519 3193 650 3279 Φυλῆτας
670 3219 697 3257 κ.
714 3191 931 3280 Καλλίστρατος
947 3195 1092 3281 γροίφουσι
1108 3193 1204 3280 »φρῖχ’
1222 3195 1382 3273 timone,

263 3301 396 3384 λέγοντες
422 3298 466 3362 ότι
493 3299 519 3362 οἱ
547 3299 643 3366 πίονες
669 3302 726 3362 τῶν
754 3299 865 3383 ἰχθύων
892 3323 919 3362 κ.
947 3297 1084 3384 εὔτροφοι
1105 3299 1138 3360 τδ
1160 3297 1254 3385 ψύχος
1276 3298 1383 3382 ὑπομέ-

264 3423 346 3468 νουσι
369 3453 376 3468 .
400 3453 408 3466 .
432 3404 447 3465 ό
477 3403 509 3465 δὲ
536 3403 660 3486 ποιητὴς
688 3402 828 3466 οὐδέποτε
850 3403 952 3488 φρίκην
964 3405 995 3485 *)
1018 3403 1052 3464 τδ
1073 3403 1177 3489 ψύχος,
1200 3403 1276 3466 ἀλλὰ
1296 3403 1329 3464 τό
1351 3402 1384 3464 ἐκ

265 3510 394 3592 γαλήνης
421 3510 534 3590 πρῶτον
561 3505 769 3590 ἐξορθούμενον
796 3510 876 3591 κῦμα
904 3543 945 3554 -
972 3543 1013 3554 -
1039 3529 1065 3568 κ.
1092 3507 1140 3568 τόν
1168 3505 1275 3586 ἄνεμον
1297 3507 1384 3568 οἱονεὶ

265 3611 440 3682 ἐπιστιῖοντα
456 3610 508 3694 τὴν
524 3609 685 3672 θάλασσαν.
713 3608 792 3673 Item
810 3609 834 3671 Z
852 3612 923 3672 459.
957 3607 1144 3690 Apollonius
1159 3608 1258 3692 igitur
1275 3629 1382 3692 qvem-

264 3715 311 3779 vis
333 3718 420 3800 φρῖκα
442 3733 536 3777 sensu
559 3710 668 3775 eodem
692 3717 785 3793 atqve
808 3713 863 3775 Ar.
887 3710 1055 3793 acceperit,
1072 3717 1176 3775 temen
1192 3732 1306 3793 parum
1322 3710 1383 3775 sibi

265 3823 400 3895 constat,
423 3837 494 3881 oum
517 3835 587 3878 eam
609 3815 712 3897 ipsam
734 3813 911 3894 lectionem,
931 3835 1024 3896 qvam
1040 3812 1093 3877 ille
1110 3814 1276 3896 rejecerat,
1293 3813 1382 3878 adhi-

263 3919 327 3984 bet.
372 3920 453 3984 Nam
488 3917 632 3988 ὑπαλύξας
663 3917 752 3998 illud,
787 3937 857 3982 oum
887 3917 982 4000 juxta
1015 3917 1150 3982 alterum
1178 3917 1381 4000 participium

263 4023 405 4108 δρώσκυν
432 4043 495 4086 non
523 4021 699 4100 conveniet,
728 4042 744 4085 e
771 4019 915 4086 Philetee
943 4020 1079 4090 ὑπαλύξει
1106 4029 1291 4103 corruptum
1313 4041 1381 4084 esse

262 4132 361 4224 patet.
405 4123 497 4188 Nune
528 4121 623 4206 vulgo
649 4124 716 4187 Ani
743 4123 837 4190 lectio
864 4123 940 4210 φρῖκ’
970 4123 1077 4194 ἐπαΐξαι
1102 4125 1135 4187 in
1163 4123 1243 4209 φρῖχ’
1273 4123 1382 4193 ὑπαΐξει

264 4261 466 4274 υ--σ--ὀ

364 4331 391 4390 *)
406 4329 449 4382 At.
468 4327 530 4382 Hes,
548 4328 631 4400 φρίκη·
650 4328 737 4398 τρόχος,
755 4328 854 4400 τρόμος.
