3098 4874
1228 391 1267 452 67

181 577 277 638 centu
310 573 530 656 proferantur,
557 576 619 640 vim
648 574 897 657 compositorum
927 573 1057 653 hahere,
1084 575 1104 638 i.
1134 595 1160 639 e.
1190 575 1217 638 ιῖ
1244 594 1312 639 esse

167 675 289 762 ἑαυτῷ,
324 677 404 762 σφίσι
437 678 547 746 ἑαντοῖς
575 683 607 741 et
635 675 771 758 reliqva3
799 676 861 740 vid.
889 676 1059 741 Aristonic.
1087 676 1153 741 sch.
1180 675 1205 740 Σ
1234 679 1310 740 376;

178 796 255 842 nam
276 797 342 842 uon
365 779 532 844 convenire
554 778 723 844 lectionem
744 777 963 842 Homericam:
987 778 1167 861 complures
1183 799 1252 843 esse
1266 777 1312 843 lo·

179 899 244 957 cos,
271 879 306 942 in
335 879 450 962 qvibus
476 880 544 960 illa,
573 899 764 964 qvamqvam
793 901 886 959 suum
914 887 1081 946 accentum
1104 885 1240 958 servent,
1263 885 1311 944 ts-

177 1001 253 1046 men
286 981 552 1064 significationem
586 982 728 1047 habeant
762 982 915 1065 simplicis
942 982 1043 1060 αδτοδ,
1073 981 1167 1068 stirp:
1201 1001 1311 1047 verum

181 1081 307 1164 quidem
329 1103 399 1148 esse
422 1083 500 1148 dicit
520 1083 652 1162 Herod„
674 1083 731 1148 ubi
753 1083 899 1149 enclitice
920 1084 977 1149 illa
999 1085 1128 1168 prolata
1150 1085 1223 1161 sint,
1247 1105 1312 1148 non

180 1184 242 1247 nisi
275 1184 428 1267 simplicis
460 1185 725 1269 significationem
759 1185 889 1262 habere,
922 1207 987 1252 nou
1022 1193 1097 1252 cont
1098 1192 1161 1250 raf‘
1204 1185 1310 1269 Apoll.

180 1284 305 1350 Gonstr.
337 1291 408 1364 137,
435 1308 527 1370 pron.
558 1291 609 1368 53;
637 1287 811 1352 Herodian.
841 1287 907 1352 sch.
936 1288 1011 1350 Δ2.
1034 1288 1065 1350 X
1087 1292 1160 1351 474.
1183 1289 1310 1352 Α368.

179 1424 221 1435 -
245 1387 292 1451 cf.
316 1389 382 1452 sch.
405 1389 436 1452 K
460 1393 531 1452 208.
554 1389 634 1453 Ya.
657 1388 763 1471 Apoll.
787 1409 891 1470 pron,
913 1410 945 1472 p.
972 1392 1115 1454 l38eto.

285 1489 472 1554 Videmus
463 1491 563 1573 igitur
590 1475 696 1572 Apoll.
720 1489 852 1572 Sophist
853 1511 905 1554 am
926 1491 960 1554 in
983 1490 1045 1554 hac
1066 1511 1101 1554 re
1123 1491 1311 1574 Aristarcho

178 1595 289 1654 assent
289 1591 339 1654 iri.
383 1591 473 1657 Idem
496 1596 651 1674 praecept
651 1613 705 1656 um
729 1591 805 1657 des
806 1595 887 1656 olet
909 1615 941 1656 ευ
925 1591 1094 1657 valuerit
1080 1597 1238 1658 tnecesse
1253 1599 1311 1672 est,

178 1713 370 1776 quamquam
397 1715 512 1759 manca
540 1700 573 1759 et
599 1693 693 1758 nimis
720 1693 869 1759 mutilata
896 1700 971 1759 sunt
1000 1715 1080 1776 qvae
1104 1694 1143 1759 de
1165 1695 1215 1760 his
1237 1716 1311 1778 pro-

177 1795 335 1862 feruntur.
956 1825 958 1828 ·

281 1898 338 1960 ἑοῖ
359 1899 420 1982 (sic
441 1897 612 1982 legendum
634 1918 694 1980 pro
717 1897 775 1980 ἑοῖ)
800 1898 889 1984 αὐτῷ·
914 1903 970 1978 ,ὥς
992 1898 1037 1962 ’ίδε
1059 1902 1138 1962 λαῶν
1154 1898 1239 1968 ἔθνος
1254 1900 1313 1963 ἑπι-

177 1999 322 2084 σπίμενσν
345 2001 391 2063 ἑοῖ
409 2000 505 2086 αὐτῷ*
531 2000 575 2085 (N
597 1999 685 2082 495).
705 2037 745 2048 -
766 1999 815 2064 De
835 2001 897 2064 hoc
911 2001 1064 2065 vocaculo
1080 2001 1146 2066 soh.
1161 2001 1189 2063 B
1207 2005 1267 2064 186
1285 2003 1312 2064 οἱ

177 2125 219 2164 .-.
248 2101 339 2188 αὐτῷ.
368 2125 384 2164 o
408 2105 470 2165 258
487 2102 533 2164 ἀεὶ
555 2105 575 2186 ἡ
598 2102 631 2164 ol
653 2101 875 2185 προτασσσμένη
899 2107 952 2185 τῆς
974 2102 1203 2186 ἐπιταηματιαῆς
1226 2103 1312 2187 ὀρθι-

177 2207 311 2280 τσνεῖται,
345 2203 584 2288 σεσημειωμένου
621 2207 673 2264 τοῦ
702 2202 794 2282 ,ἀλλὰ
822 2203 848 2265 οἱ
878 2203 959 2288 αὐτῷ
987 2201 1063 2272 Ζεδς
1090 2202 1200 2266 ὀλέσειε
1230 2205 1309 2288 βίην“

177 2305 210 2392 (δ
233 2307 309 2386 667)
331 2303 372 2368 Η.

282 2406 320 2470 εὖ
354 2408 488 2490 σημαίνει
514 2408 547 2469 τδ
578 2405 692 2491 [loturo]
722 2405 830 2467 ἑαυτοῦ
857 2407 877 2490 ἢ
907 2405 1007 2490 αὐτῆς·
1037 2405 1084 2486 ,εἴ
1107 2430 1169 2475 πως
1190 2406 1232 2470 ,εδ
1260 2431 1310 2470 ιτε-

179 2510 323 2593 procur
352 2511 400 2572 καὶ
427 2507 476 2588 ,εδ
504 2509 609 2593 κράτος
636 2508 696 2570 ἐστὶ
724 2505 881 2590 με’·ριστιν.“
910 2509 1044 2593 σημαίνει
1070 2509 1103 2572 δὲ
1130 2511 1178 2572 καὶ
1206 2511 1238 2572 τδ
1260 2533 1309 2572 κα-

177 2615 238 2680 λῶς
260 2613 287 2674 Β
310 2614 382 2675 253.
428 2610 530 2675 Valde
553 2611 716 2693 corrupta.
762 2609 964 2675 Herodianus
986 2611 1020 2674 in
1042 2611 1108 2675 sch.
1132 2611 1174 2675 ad
1196 2610 1223 2673 Y
1246 2614 1310 2675 464

177 2715 239 2779 ait:
270 2713 301 2777 εί
323 2735 386 2782 πως
414 2715 465 2776 εδ;
499 2714 515 2776 δ
545 2713 641 2796 μέντοι
669 2711 863 2798 Ἀρίσταρχος
886 2749 927 2761 -
950 2750 989 2760 -
1015 2717 1101 2774 τοῦτο
1131 2712 1217 2795 μόνον
1242 2713 1311 2776 ἀπε-

177 2819 302 2901 φήνατο,
332 2817 498 2900 ἐγκλίναντα
525 2817 583 2878 δεῖν
606 2818 651 2902 τῷ
671 2816 745 2902 τόνῳ
768 2817 816 2879 καὶ
839 2815 999 2878 δασδνοντα
1021 2814 1113 2896 λέγειν
1137 2816 1189 2898 τὴν
1213 2817 1309 2899 τρίτην

176 2921 337 3006 συλλαβήν.
366 2921 501 3004 σημαίνει
527 2919 582 3003 γὰρ
611 2919 658 2998 ,εἴ
682 2942 746 2988 πως
769 2919 886 2982 αὐτοδ.“
909 2919 952 2980 διδ
975 2919 1023 2980 καὶ
1044 2919 1064 3002 ὴ
1089 2919 1186 3003 διπλῆ.
1211 2917 1310 3001 Cujus

177 3021 345 3086 doctrinae
372 3022 504 3104 exiguas
526 3041 603 3085 sane
625 3021 776 3104 reliquias
798 3020 892 3085 lexici
915 3021 1052 3084 servavit
1074 3021 1239 3097 articulus,
1262 3022 1309 3085 in·

177 3144 276 3206 super
302 3123 479 3188 manifestis
501 3122 625 3187 mendis
648 3122 856 3186 deformatus.
902 3121 990 3198 Qvod
1013 3122 1049 3199 si,
1073 3122 1123 3186 his
1146 3123 1310 3201 correctis,

177 3227 286 3291 omnia
303 3225 345 3289 ad
362 3225 542 3290 Aristarchi
554 3223 700 3307 regulam
713 3225 965 3300 conformaverc‚
978 3224 1024 3286 ita
1035 3223 1103 3287 fere
1116 3223 1307 3288 emendabo:

282 3327 320 3390 είι
350 3327 598 3411 ὀρθοτονσόμενιν
629 3327 679 3410 μὲν
708 3327 842 3410 σημαίνει
864 3326 896 3386 τὸ
919 3326 1026 3387 ἑαυτοῦ
1048 3327 1068 3409 ἢ
1093 3326 1195 3409 αὑτῆς,
1219 3325 1309 3408 ἐγκλι-

176 3429 298 3514 νίμενσν
322 3431 355 3492 δὲ
377 3431 409 3492 τδ
431 3429 522 3492 αὐτοῦ
544 3431 564 3514 ἢ
589 3428 689 3513 αὐτῆς·
714 3427 761 3508 ,εί
778 3451 842 3496 πως
865 3429 897 3489 εδ
921 3429 1086 3512 πεφιδοιτο“
1109 3429 1158 3490 καί
1175 3429 1225 3507 ,εδ
1242 3429 1310 3512 κρά-

177 3554 226 3600 τος
254 3532 314 3594 ἐστὶ
343 3531 501 3615 peperci.u
528 3533 590 3594 κτλ.
638 3529 738 3594 Plane
766 3527 1032 3612 qvemadmodum
1055 3549 1154 3610 supra
1176 3528 1200 3592 ἕ.
1247 3527 1308 3613 (Of.

176 3633 278 3698 Lehrs
302 3632 427 3710 Quaest.
450 3633 510 3715 Ep.
534 3654 565 3715 p.
591 3633 689 3716 115.)
734 3629 882 3714 Apollon.
905 3629 1001 3694 Pron.
1024 3651 1055 3712 p.
1073 3634 1113 3694 49
1130 3630 1223 3694 aliter
1238 3650 1310 3694 sen-

177 3735 233 3800 sit:
257 3735 400 3798 ἀδύνατον
424 3735 623 3819 ἑγνλινόμενὸν
646 3756 672 3796 τι
694 3734 826 3817 ἀρκτικὸν
850 3733 991 3796 τίθεσθαι.

282 3836 368 3901 ἕδνα
397 3838 431 3923 [l.
455 3838 537 3922 ἕδνα]
561 3837 597 3901 τὰ
621 3839 676 3900 ὑπὸ
699 3841 756 3900 τῶν
781 3837 955 3920 μνηστήρων
978 3838 1040 3902 ταῖς
1063 3834 1311 3919 μνηστευσμέναις

177 3939 316 4024 διδόμενα
339 3942 430 4024 δῶρα.
475 3940 513 4003 In
536 3939 669 4004 eandem
692 3939 789 4020 plane
810 3937 1000 4002 sententiam
1024 3935 1123 4002 Orion
1138 3937 1172 4001 in
1187 3939 1238 4002 Et.
1254 3938 1308 4019 Μ,

176 4048 214 4106 ut
249 4041 421 4106 articulum
453 4041 616 4124 Apollonii
649 4040 855 4124 integriorem
884 4038 1019 4104 reddere
1041 4039 1196 4119 videatur,
1225 4040 1308 4105 ἔδναι
1349 4071 1352 4080 ¹

177 4144 214 4208 τὰ
241 4144 298 4228 πρὸ
321 4148 372 4207 τοῦ
395 4144 492 4228 γάμοι
516 4145 571 4207 διεδ
595 4147 647 4206 τοῦ
669 4141 796 4227 νυμφίου
819 4140 956 4225 διδομένα
980 4143 1062 4226 δῶρα
1084 4147 1121 4224 τῇ
1144 4143 1244 4228 νύμφη
1267 4180 1309 4192 -

177 4284 219 4296 -·
244 4247 324 4331 παρὰ
350 4247 383 4309 τδ
405 4249 471 4332 ἤδω
493 4247 525 4309 τδ
549 4245 707 4332 εὐφραίνοι.
731 4245 825 4312 οὕτως
847 4242 964 4329 Ὠρίων.
1010 4243 1096 4328 (Vid.
1120 4243 1244 4309 thschl
1270 4245 1310 4310 de
1350 4235 1352 4238 ⁵
