3098 4874
1256 355 1274 414 5

185 541 269 606 ἄλλοι
294 545 350 606 τῶν
382 547 513 607 παλαιῶν
544 542 595 610 τὰς
617 540 692 604 κατὰ
714 545 855 624 στοιχεῖον
879 541 1078 605 correbellem
1100 539 1189 610 λέξεις
1211 575 1253 585 -
1277 575 1318 586 -
1359 571 1362 578 ·

185 680 227 694 -·-
253 679 295 692 -
323 643 387 708 ἀλλ’
417 646 445 708 οἱ
474 645 525 728 μὲν
556 643 607 712 τὰς
625 639 803 728 Ὁμηρικὰς,
826 647 866 712 ὡς
889 641 1022 706 'Acrior
1045 643 1094 705 καὶ
1116 640 1317 708 Ἀπολλώνιος

184 748 199 809 ὁ
223 751 275 810 τοῦ
298 745 455 833 Ἀρχιβίου
478 783 520 793 -
543 781 586 795 -
607 783 658 808 -.
703 745 816 827 Itaque
839 745 936 810 etiam
959 745 1132 810 scholiasta
1155 742 1318 826 Apollonii

183 848 300 914 Rhodii
327 849 354 927 Ι,
386 851 468 912 1089
496 847 703 931 Apollonium
730 847 851 930 allegat
879 848 909 910 ἐν
938 852 1000 915 ταῖς
1022 846 1123 916 λέξεσι.
1147 845 1194 909 Ol.
1220 846 1317 909 etiam

182 950 277 1015 lexici
298 951 446 1035 τριχάϊκες
468 971 540 1014 cum
561 949 681 1014 scholio
702 949 894 1014 Pseudodid.
932 973 948 1011 τ
970 953 1041 1026 177,
1056 947 1113 1012 ubi
1129 945 1316 1030 „explicatio

182 1050 205 1115 l.
228 1051 301 1120 λέξις
323 1051 493 1134 Apollonio
515 1051 638 1115 tributa
661 1072 733 1115 cum
756 1071 795 1116 ea
816 1050 897 1115 mire
920 1055 1076 1115 consonat
1099 1068 1180 1131 qvae
1202 1048 1235 1110 in
1262 1067 1319 1112 no·

185 1156 253 1217 stro
275 1152 377 1218 lexico
399 1152 542 1236 legitur.“
588 1152 693 1235 (Vill.)
1131 1149 1133 1154 ’

288 1254 339 1318 Ad
362 1259 501 1319 aetatem
529 1253 693 1337 Apollonii
721 1243 976 1319 constituendam
1004 1253 1136 1318 maximi
1164 1248 1318 1316 momenti

185 1360 234 1420 est
255 1391 296 1404 —
318 1355 353 1419 id
375 1355 459 1439 qvod
483 1356 581 1420 etiam
603 1355 727 1420 Villois.
746 1360 778 1420 et
795 1355 849 1420 alii
865 1355 1215 1421 animadverterunt-
1233 1350 1318 1434 qvod

182 1461 264 1522 teste
287 1456 387 1521 Suida
410 1458 450 1541 (s.
473 1454 602 1539 Ἀπίων)
626 1454 789 1537 Apollonii
811 1455 957 1520 Archibii
977 1455 1036 1520 filii
1058 1454 1234 1536 discipulus
1257 1452 1319 1517 fuit

183 1559 289 1640 Apion
316 1561 332 1620 ὁ
360 1557 496 1642 Μόχθος,
518 1557 647 1642 Didymi
668 1557 804 1642 θρεπτός.
848 1558 962 1652 ltaque
985 1578 1067 1635 cum,
1092 1555 1204 1621 eodem
1226 1559 1318 1632 teste,

183 1659 342 1740 Apionem
375 1659 434 1725 sub
468 1659 594 1725 Tiberio
628 1664 660 1725 et
693 1660 825 1725 Claudio
854 1661 975 1725 Romae
1007 1659 1153 1724 docuisse
1184 1660 1317 1734 constet,

183 1760 373 1842 Apollonius
399 1767 591 1844 praeceptor
617 1761 686 1843 ojus
715 1767 821 1826 aetate
847 1762 946 1844 paulo
973 1761 1120 1844 superior
1148 1757 1317 1842 ponendus

183 1867 241 1928 est.
286 1864 390 1944 Atque
415 1863 585 1946 probabile
613 1867 662 1928 est
687 1865 834 1947 Augusto
856 1865 1036 1947 imperante
1059 1864 1145 1927 hunc
1167 1861 1319 1926 floruisse

183 1970 278 2047 atqve
305 1965 447 2047 ejusdem
475 1966 542 2032 iere
569 1967 684 2031 aetatis
712 1967 762 2031 vel
789 1967 899 2049 paullo
928 1967 1085 2031 minorem
1111 1969 1191 2029 natu
1219 1963 1319 2028 fuisse

183 2087 277 2150 qvam
315 2067 488 2152 Didymum
528 2073 560 2132 et
598 2068 826 2147 Aristonicum,
861 2069 914 2151 qvi
951 2067 1152 2150 temporibus
1189 2066 1319 2130 fuerunt

183 2168 351 2234 Octaviani
366 2170 514 2252 Augusti,
532 2170 672 2248 Antonii,
689 2169 851 2235 Ciceronis
868 2169 1091 2254 (Seugebusch
1103 2167 1178 2231 diss.
1191 2166 1285 2231 Hom.
1302 2165 1318 2229 1

69 2319 73 2326 .
183 2289 215 2351 p.
245 2273 296 2333 34.
340 2270 388 2335 De
416 2271 553 2355 Didymo
575 2292 603 2335 v.
626 2271 671 2335 M.
695 2271 842 2335 Schmidt
863 2270 937 2335 Did.
961 2269 1069 2334 Chalc.
1093 2272 1208 2352 thagm.
1232 2269 1318 2350 Lips.

189 2372 296 2458 1854).
330 2409 373 2421 -
400 2372 534 2438 Villoiso
563 2373 745 2455 suspicatur
772 2372 978 2455 Apollonium
1002 2371 1100 2436 fuisse
1129 2369 1319 2436 Alexandri·

185 2493 262 2537 num
285 2479 342 2540 aut
364 2473 478 2539 saltem
501 2473 716 2539 Alexandriae
733 2467 864 2554 vixisse}
888 2473 972 2557 qvod
987 2493 1062 2539 vero
1078 2473 1231 2555 opinatur
1247 2491 1320 2535 eum

187 2575 345 2654 „scholam
367 2576 506 2660 Didymi,
525 2576 578 2658 qvi
593 2582 670 2641 tunc
684 2577 826 2642 maxima
841 2576 936 2641 laude
951 2575 1090 2652 floreret,
1107 2571 1320 2656 freqentando

187 2678 416 2756 exornavisse,“
440 2678 482 2742 ad
504 2679 588 2742 hanc
610 2678 792 2760 opinionem
807 2677 1059 2743 confirmandam
1075 2698 1114 2741 ex
1128 2677 1199 2758 ipso
1215 2675 1320 2740 lexico

187 2777 312 2860 quidem
330 2779 421 2844 nulla
431 2779 498 2844 fere
510 2784 701 2862 argumenta
712 2778 821 2844 afferri
832 2785 976 2862 possunt.
999 2779 1083 2841 Nam
1094 2781 1319 2858 praeterquam

187 2881 269 2963 qvod
291 2881 447 2966 Didymus
469 2883 503 2946 in
524 2882 627 2947 lexico
643 2903 800 2963 nusquam
815 2881 978 2957 laudatur,
995 2877 1153 2945 vocabula
1173 2897 1320 2959 eaquae

187 2983 344 3063 quomodo
373 3005 393 3048 a
419 2983 556 3067 Didymo
585 2983 745 3066 explicata
773 2985 838 3048 sint
859 2983 1015 3060 novimus,
1038 3001 1171 3064 prorsus
1195 2981 1319 3047 diverso

186 3083 282 3148 modo
305 3083 346 3157 ab
367 3084 538 3167 Apollonio
559 3091 670 3150 nostra
691 3086 903 3168 explicantur,
925 3085 972 3149 ita
992 3089 1028 3148 ut
1042 3084 1215 3168 Didymum
1230 3085 1320 3166 igno·

186 3205 260 3250 rare
283 3185 444 3250 videatur:
467 3192 504 3251 ut
525 3186 673 3272 ἄφλαστον
697 3187 737 3252 cf.
766 3186 921 3252 Schmidt.
949 3186 1022 3251 Did.
1051 3187 1156 3270 fragm
1183 3207 1214 3268 p.
1243 3189 1321 3264 1813

187 3286 350 3372 κατηφόνες
363 3288 396 3353 cf
405 3289 476 3354 Did.
494 3290 609 3373 fragm.
626 3310 658 3372 p.
679 3293 754 3368 1783
770 3288 950 3375 περισκέπτῳ
959 3289 998 3354 cf.
1016 3287 1115 3353 schol.
1132 3288 1145 3356 Ε
1163 3291 1181 3350 6
1198 3287 1319 3350 Buttm.

187 3388 420 3456 Tantummodo
448 3391 508 3456 sub
537 3391 723 3477 ἀνέγναμψαν
750 3390 845 3456 lexici
872 3390 978 3456 brevis
1005 3389 1113 3474 glossa
1141 3411 1180 3454 ex
1208 3389 1319 3454 eodem

187 3489 275 3556 fonte
311 3493 490 3558 manavisse
523 3491 649 3557 videtur
683 3497 778 3574 atqve
821 3491 951 3575 Didymi
984 3491 1144 3573 copiosior
1178 3489 1319 3574 ejusdem

187 3593 234 3657 rei
256 3593 430 3676 expositio;
453 3615 481 3660 v.
505 3615 556 3676 op.
580 3596 633 3660 cit.
656 3616 688 3678 p.
715 3597 786 3673 185,
810 3598 839 3658 6.

289 3694 327 3758 Ιιι
353 3695 555 3778 praefatione
582 3697 625 3762 ad
652 3696 791 3780 Hesych.
835 3695 1044 3762 Ruhnkenius
1074 3696 1260 3760 observasse
1287 3713 1321 3757 se

187 3796 234 3860 ait
260 3796 465 3878 Apollonium
493 3799 721 3882 grammaticos
748 3804 873 3864 tantum
901 3817 936 3863 se
964 3797 1146 3879 superiores
1173 3800 1206 3858 et
1233 3800 1321 3859 vetu-

188 3897 344 3964 stissimos
377 3899 533 3984 allegar03
568 3921 629 3984 qvo
662 3921 739 3966 usus
773 3905 962 3984 argumento
996 3896 1200 3979 Apollonium
1223 3902 1322 3982 negat

186 3999 321 4082 Apionis
343 4002 509 4084 aequalem
531 4007 563 4067 et
585 4023 737 4068 coaevum
752 4001 870 4066 nedum
887 3999 1075 4082 magistrum
1092 3998 1191 4065 fuisse
1207 4021 1319 4082 posse;

188 4121 267 4180 ,non
300 4103 385 4168 enim
419 4123 490 4168 eum
526 4103 673 4186 discipuli
707 4101 936 4184 explicationes
967 4100 1102 4168 laudare
1131 4122 1235 4186 posse,
1265 4101 1318 4184 qvi

187 4203 377 4285 Aristarchi,
405 4205 580 4286 Heliodori,
609 4205 747 4270 aliorum
775 4204 1065 4271 vetustissimorum
1094 4205 1319 4288 grammatico-
