3098 4874
1202 327 1241 386 75

258 501 380 566 θέλειν
403 500 435 564 τὸ
459 502 609 566 δύνασθαι.
655 502 702 567 Οἱ.
726 505 824 569 schol.
849 507 967 572 Φ366.
1002 507 1191 590 Correptem
1209 530 1284 574 vero

148 603 394 670 formantem
417 624 477 686 pro
500 603 595 668 ἐθέλω
619 605 716 670 Arist.
739 627 804 672 non
827 608 956 672 admisit
978 609 1091 692 (schol.
1115 609 1131 672 I
1154 610 1241 694 551).

257 705 399 790 θυρεόν.
423 743 464 755 -
486 705 668 787 Expliootio
690 713 739 772 est
760 709 838 786 Arzi,
863 709 902 773 of.
925 709 960 773 L.
984 712 1039 774 Ar.
1067 713 1138 773 156.

258 805 354 892 ἱερὸν
389 807 493 891 ἰχθόν
522 808 589 892 ἤτοι
615 807 663 870 τόν
693 809 783 893 μέγαν
810 812 830 894 ἢ
860 810 908 874 τόν
937 811 1037 874 ἄνετον
1060 836 1086 874 κ.
1111 813 1285 898 διαφέροντα

153 913 211 972 τῶν
232 909 341 973 ἄλλων.
368 909 491 974 Eodem
512 911 607 975 modo
627 910 726 976 schol.
749 911 776 974 ll
799 909 871 991 407,
890 913 939 978 his
956 919 1081 978 tantum
1098 909 1231 978 additis:
1249 914 1285 978 οὔ

152 1035 180 1074 τι
197 1011 274 1080 enoc
290 1011 394 1096 ἰχθόος
410 1012 580 1097 (πομπιλον,
598 1013 772 1098 κάλλιχθυν)
788 1019 849 1078 κτλ.
874 1015 1044 1081 Notionem
1061 1015 1173 1094 ἄνετον,
1191 1038 1284 1098 qvem

152 1113 277 1178 Villois.
307 1113 414 1178 reddit
448 1113 603 1194 ,solutum
629 1115 791 1198 libereque
819 1121 1015 1200 vagantem,“
1044 1117 1085 1182 ab
1112 1119 1151 1182 iis
1178 1118 1284 1200 profe-

151 1219 240 1280 ctam
268 1231 346 1293 esse,
375 1217 427 1298 qvi
454 1215 531 1300 ἱερός
559 1235 578 1279 ο
605 1216 670 1300 ίημι
697 1216 859 1293 ducerent,
882 1218 933 1282 Et.
956 1218 999 1282 M.
1027 1219 1157 1284 indicat.
1204 1221 1284 1285 (lum

151 1317 204 1381 his
227 1317 372 1382 conferre
391 1317 484 1400 juvet
506 1317 651 1382 Curtium
672 1318 723 1382 Et.
746 1320 760 1362 ⁵
782 1339 814 1400 p.
838 1322 914 1382 401:
939 1320 1058 1404 »ἱερός
1073 1322 1201 1405 krdftig,
1218 1323 1284 1387 hei·

151 1417 207 1501 lig.
236 1457 278 1467 —
301 1417 370 1484 Skt.
392 1419 566 1484 ist-tros
587 1419 666 1502 (pse
688 1419 761 1484 fem.
779 1419 859 1498 Seft,
878 1421 982 1499 Kreft,
1000 1421 1142 1500 Frische,
1160 1424 1282 1504 Muth“)

151 1520 283 1603 kreftig,
311 1521 420 1598 frisoh,
447 1521 598 1587 blhhend.
644 1521 705 1607 (ef.
734 1523 833 1587 schol.
858 1523 1005 1608 εὐτραφῆ)
1028 1560 1072 1574 --
1094 1561 1134 1572 —·
1157 1525 1209 1589 die
1231 1527 1283 1590 liir

151 1621 404 1706 Verbindungen
426 1624 484 1688 wie
504 1622 582 1708 ἱερός
605 1624 699 1706 ἰχθύς,
723 1625 786 1708 ἱερὴ
810 1624 836 1693 ίς
859 1624 955 1690 ullein
977 1625 1136 1708 pesseude
1158 1627 1281 1692 Beden-

151 1729 233 1806 tung
255 1723 384 1808 kreftig,
406 1746 482 1808 rege
505 1763 546 1774 -
568 1763 619 1788 -.
664 1726 847 1810 Allerdiugs
870 1748 957 1792 muss
979 1728 1012 1791 in
1030 1727 1087 1793 der
1103 1729 1283 1794 Bliithezeit

150 1823 211 1890 der
233 1825 455 1890 homerischen
476 1827 574 1910 Epos,
591 1829 720 1912 ,heilig“
737 1831 836 1894 sehon
853 1829 903 1894 dic
919 1830 1135 1894 herrschende
1148 1830 1282 1896 Bedeut.

152 1947 296 2010 genesen
323 1928 401 2006 sein,
429 1928 508 1994 aber
533 1929 567 1992 in
590 1931 752 1996 einzelnen
775 1931 910 1995 Formen
935 1931 1049 1994 erhielt
1070 1931 1138 1994 sich
1163 1931 1214 1995 die
1236 1931 1282 1995 iil-

155 2033 236 2106 tere,
259 2029 441 2094 sinnliohe.”
923 2083 924 2088 1

256 2131 455 2196 ἰθυπτίωνα
477 2136 530 2218 τὴν
553 2136 594 2202 εἰς
616 2134 688 2197 εὐθὺ
712 2133 874 2216 πετομένην
899 2133 1013 2216 (μελίην
1037 2133 1066 2194 Φ
1093 2133 1178 2214 169).
1218 2133 1281 2198 Ee·

150 2232 225 2297 dem
247 2233 308 2296 luit
330 2235 440 2299 Aristi
462 2235 557 2301 lectio
580 2242 613 2300 et
634 2236 816 2319 explicatio,
841 2256 913 2299 cum
928 2233 1081 2300 Zenodot.
1100 2234 1282 2316 scripsisset

151 2334 319 2413 ἰθυκτίωνα,
341 2357 361 2401 a
382 2338 516 2407 κτεόόνες
537 2337 639 2403 fibrae
660 2337 748 2420 ligni,
772 2336 823 2402 vel
844 2339 945 2400 rimae
967 2342 999 2400 et
1021 2334 1155 2401 fissurae
1178 2340 1281 2422 (γραμ-
1352 2361 1355 2368 ·

152 2439 316 2521 ρατοειδεῖς
348 2440 522 2526 διαφόσεις);
555 2441 627 2505 vide
659 2439 830 2504 Aristonic.
859 2440 926 2504 sch.
956 2439 984 2500 Φ
1016 2442 1086 2502 169.
1130 2439 1279 2504 Eustath.

150 2544 260 2604 autem
282 2540 510 2618 fallitur,·cum
533 2543 757 2606 Aristarchum
779 2541 894 2624 legisse
915 2540 983 2605 vult
1006 2541 1171 2605 illorumve.

257 2642 335 2710 ἰθὺς
356 2648 449 2726 νηῶν
479 2643 525 2728 (Μ
549 2647 624 2726 254)
648 2643 695 2706 ἐπ’
718 2643 845 2718 εὐθεῖαν,
868 2647 909 2712 ὥς
931 2643 978 2706 ἐπὶ
1000 2643 1051 2711 τὰς
1072 2648 1151 2710 ναός.
1175 2679 1215 2690 -
1240 2679 1277 2692 -—

151 2745 184 2807 τό
207 2745 240 2808 δὲ
262 2749 464 2830 παραπλήσιον
488 2747 567 2826 ἱ,ἰθὺς
591 2747 705 2814 celred
729 2746 772 2830 (Φ
797 2749 874 2828 540)
896 2745 964 2808 καθ’
989 2744 1061 2808 εὐθὺ
1086 2751 1138 2828 τῆς
1155 2744 1279 2812 πόλεως.

152 2845 239 2923 Quae
267 2867 342 2912 vero
369 2847 444 2913 inde
473 2849 645 2930 excipiunt,
665 2848 742 2911 ’όταν
771 2849 804 2910 δὲ
831 2847 904 2910 εὐθὺ
932 2847 1027 2932 χωρίς
1054 2850 1106 2908 τοῦ
1129 2867 1146 2908 σ
1168 2845 1280 2930 λέγηό

150 2951 285 3034 ποιητὴς,
312 2950 375 3012 ἀντὶ
402 2954 454 3013 τοῦ
483 2950 605 3026 εὐθέως,
629 2971 701 3014 cum
723 2950 765 3014 od
786 2956 913 3031 tempus
935 2948 1115 3030 spectantis
1136 2947 1221 3011 inter
1243 2967 1282 3012 eu

150 3071 231 3134 qvae
258 3057 383 3121 τοπικῶς
405 3058 479 3118 sunt
502 3053 596 3130 dicta,
619 3073 735 3134 perum
757 3059 832 3134 opto
854 3052 975 3114 inserte
996 3049 1069 3127 sint,
1092 3056 1187 3132 atqve
1210 3071 1281 3115 ora·

148 3153 246 3217 tionis
275 3158 459 3218 contextum
485 3154 730 3235 interrumpent,
759 3159 816 3218 aut
837 3151 1032 3234 interpolate
1053 3158 1137 3229 sunt,
1161 3151 1282 3216 autad

150 3253 251 3318 elium
273 3254 379 3320 locum
401 3255 603 3320 removendo.
647 3253 725 3320 Mox
747 3255 831 3318 enim
853 3253 974 3336 pergit:
996 3254 1046 3316 καί
1064 3254 1121 3338 (so.
1139 3251 1171 3315 τό
1189 3275 1281 3337 παρα-

150 3359 287 3441 πλήσιον)
315 3357 362 3420 ἐπὶ
389 3362 441 3420 τοῦ
464 3357 676 3442 ῃίθυνοριένωνίἱ
700 3359 730 3440 (ζ
752 3357 785 3438 3)
809 3354 854 3419 ἐπ’
879 3355 952 3419 εὐθὺ
975 3355 1155 3440 προτερένων
1178 3355 1214 3418 τὰ
1235 3354 1280 3418 δό-

152 3481 227 3542 ρατα
249 3463 311 3522 κτλ.
355 3458 574 3524 Haerentem
597 3459 639 3524 ab
662 3458 851 3523 Aristarcho
874 3458 1029 3540 originem
1051 3463 1208 3540 repetere,
1225 3457 1280 3522 do·

151 3565 227 3624 cent
248 3559 360 3626 scholl.
384 3563 426 3626 od
448 3560 481 3625 M
506 3565 577 3626 254.
600 3561 629 3624 Y
652 3565 702 3626 79.
724 3559 758 3624 Μ
784 3565 854 3624 137.

253 3666 389 3749 ἵκωμαι
410 3663 458 3728 Cf.
481 3663 592 3729 echoll.
616 3663 647 3726 X
671 3667 741 3727 123.
786 3661 810 3726 Ξ
834 3664 898 3728 260
920 3661 956 3726 Β.
980 3663 1016 3728 L.
1040 3687 1048 3725 ι
1071 3666 1143 3726 267.

254 3767 413 3832 ἱππόται.
458 3770 485 3831 οἰ
520 3769 571 3853 μὲν
604 3771 743 3852 νεώτεροι
769 3765 892 3850 ἱππότην
921 3767 973 3850 τὴν
1002 3766 1121 3850 φυγάδα
1149 3763 1280 3847 λέγουσιν

152 3869 276 3950 ,ἱππότα
304 3870 429 3947 &christ
457 3870 501 3934 ὅτι
529 3869 624 3956 φυγάς
649 3867 709 3933 ἀπὸ
737 3873 790 3954 τῆς
812 3868 948 3953 πατρίδος
970 3868 1043 3951 πρὸς
1065 3864 1168 3950 Πηλέα
1189 3864 1281 3951 ἦλθεν

152 3973 230 4057 (vid.
258 3973 274 4036 I
300 3974 494 4058 rto-480).
518 3973 534 4036 ὁ
557 3974 590 4036 δὲ
607 3969 745 4058 Ὅμηρος
767 3972 820 4034 οὐκ
842 3969 934 4034 ἔοικεν
958 3970 1004 4033 ἐπὶ
1026 3969 1131 4032 τοότου
1156 3969 1281 4032 τάσσειν.

151 4073 226 4140 ἔστιν
254 4073 305 4140 οὖν
333 4076 349 4138 ό
376 4075 499 4159 ἱππότης
526 4077 639 4143 ἱππικὸς
665 4074 739 4138 κατὰ
761 4073 888 4158 πόλεμον
911 4077 952 4140 ὥς
973 4070 1096 4156 Νέστωρ
1118 4095 1145 4133 κ.
1169 4067 1281 4138 Οἰνέος.

151 4213 193 4226 -
216 4177 352 4244 Tollius:
367 4198 548 4261 ¹,nusquam
570 4178 602 4242 in
625 4175 718 4242 Hom.
743 4175 782 4242 de
804 4174 964 4241 Phoenice
986 4173 1103 4250 ἱππότα,
1121 4173 1178 4240 sed
1195 4174 1282 4255 ἱππη-
