3098 4874
297 320 338 380 60

255 509 324 567 tera
350 502 494 584 suspicor
521 501 658 586 glossam
686 503 880 568 Aristarchi:
915 505 948 566 τὸ
977 504 1006 566 έν
1035 527 1060 566 τ.
1084 505 1165 587 εὐην.
1189 505 1379 590 τρεφόμενον.

254 603 316 667 Hic
346 603 644 686 interpungendum.
698 603 777 669 Inde
813 605 977 687 excipiunt
1010 625 1049 670 ex
1077 605 1140 671 alio
1168 605 1266 685 fonte,
1295 627 1380 672 com-

254 706 410 770 mentario
451 711 487 769 ut
522 712 601 787 puto
638 706 758 784 Aristi,
792 713 921 788 sumpta
953 707 1049 772 haec:
1088 708 1234 792 [τοιαῦτα]
1275 708 1380 794 δένδρα

255 805 359 870 εὔτονα
383 831 409 870 κ.
436 831 460 870 τ.
487 810 513 870 λ.
536 812 573 870 ut
600 827 708 889 supra.
736 843 775 854 ·-
800 807 847 871 Of.
871 807 1035 873 Plutarch.
1058 809 1090 872 in
1115 811 1224 893 μελετῇ
1249 807 1382 896 Ὁμήρου

254 929 305 992 ap.
328 909 432 993 Etym.
455 908 498 972 M.
524 929 548 973 s.
573 909 604 974 h.
628 931 655 974 ν.
674 945 717 955 -

356 1010 535 1094 ἀνέσαιμι.
579 1009 742 1074 Articulus
766 1008 926 1088 confusus,
949 1011 1095 1094 idemqve
1118 1012 1252 1078 diversis
1274 1033 1381 1095 epar·

253 1112 340 1194 tipus
368 1111 567 1194 compilatus.
612 1110 719 1175 Unum
746 1117 852 1176 tamen
881 1111 1038 1178 scholium
1067 1113 1108 1177 ad
1136 1115 1153 1198 β
1185 1116 1244 1177 185
1268 1119 1380 1197 aptum

255 1219 312 1292 ost,
335 1234 395 1295 qvo
418 1212 522 1295 Apoll.
545 1211 732 1290 illustretur,
755 1233 829 1277 nam
850 1213 982 1278 Lehrsio
998 1215 1153 1280 suadente
1169 1217 1237 1299 (Ar.
1254 1237 1285 1298 p.
1303 1216 1381 1300 312)

253 1315 291 1393 is,
314 1316 367 1397 qvi
387 1315 433 1380 ibi
456 1319 568 1379 contra
589 1313 791 1379 Hellanicum
814 1315 967 1398 disputat,
990 1317 1196 1382 Aristarchus
1219 1323 1281 1382 est:
1309 1318 1383 1380 ἀνί-

255 1417 346 1501 είηςι
369 1415 533 1480 δασυντέον.
557 1415 616 1480 έστι
636 1415 691 1500 γὰρ
714 1417 777 1479 ἀντὶ
799 1421 851 1480 τοῦ
874 1417 1041 1485 ἀναπείθοις
1063 1418 1122 1480 ἀπὸ
1140 1423 1308 1503 μεταφορᾶς
1323 1423 1382 1480 τῶν

254 1524 386 1604 κυνηγῶν
413 1523 474 1582 κτλ.
504 1522 585 1605 φιλοῖ
603 1520 636 1582 δὲ
653 1515 818 1588 Ἑλλάνικος
840 1521 921 1604 παρὰ
942 1521 995 1604 τἠν
1018 1520 1098 1582 ἀνίαν
1122 1520 1324 1605 ἐνδεχόμενος,
1347 1521 1381 1584 τδ

253 1625 384 1706 λυποίης·
408 1623 435 1684 εἰ
456 1622 489 1684 δέ
510 1626 606 1698 τοῦτο,
630 1621 722 1706 ἐχρῆν
743 1623 864 1706 γράφειν
881 1620 999 1708 ἀνιῴης.
1015 1623 1134 1706 τοιαύτη
1150 1624 1205 1708 γὰρ
1221 1626 1241 1708 ἡ
1258 1622 1381 1707 δευτέρα

255 1725 384 1808 συζυγία.
429 1723 468 1787 Η.
491 1722 534 1786 Μ.
559 1722 595 1800 Q.
617 1722 654 1786 R.
678 1723 716 1786 V.
760 1724 864 1805 Atqve
886 1724 936 1788 his
958 1724 1205 1807 lexicographus
1230 1725 1308 1790 satis
1331 1744 1381 1788 re·

255 1826 400 1910 spondet,
424 1845 613 1907 qvamqvam
635 1824 740 1889 verbis
762 1825 856 1889 nimis
883 1825 1065 1891 abundans:
1093 1827 1288 1912 ἀναπείσαιμι,
1315 1827 1381 1889 ἐπο·

255 1929 396 2014 τρίιναιμι,
418 1928 637 2012 προτρεψαίμην
654 1929 715 1989 κτλ.
734 1931 863 1990 τοιοῦτον
881 1951 908 1990 κ.
929 1928 962 1990 τὸ
978 1965 1034 2006 „-
1051 1964 1091 1976 -·
1107 1930 1229 2012 ἀνιείης“
1245 1930 1277 2014 (β
1296 1931 1380 2010 185).

255 2031 309 2095 οὐκ
330 2029 484 2114 ἀναγκαῖόν
508 2050 594 2116 φησιν
617 2030 675 2092 ἀπὸ
697 2035 750 2114 τῆς
772 2030 854 2098 ἀνίας
876 2029 1001 2106 ἀκούειν,
1024 2029 1099 2092 ἀλλὰ
1123 2034 1236 2114 μᾶλλον.
1254 2030 1380 2094 ἀπὸτοῦ

255 2133 371 2198 ἀνιέναι·
400 2169 441 2182 -
468 2169 510 2180 -
538 2131 581 2194 διὸ
609 2133 657 2194 καὶ
685 2130 814 2216 ἐπιφέρει
842 2132 887 2196 cit
914 2133 931 2216 β
961 2135 1021 2194 186
1048 2155 1075 2194 κ.
1103 2155 1128 2194 τ.
1151 2135 1178 2194 λ.
1223 2131 1284 2196 Hic
1306 2151 1379 2196 vero

256 2254 405 2318 quaeras:
439 2235 480 2301 τίς
511 2253 596 2317 φησι;
626 2233 755 2304 Scilicet
782 2233 834 2314 qvi
860 2253 919 2314 per
945 2237 1049 2297 totum
1079 2232 1250 2296 articulum
1279 2231 1379 2314 loqui·

256 2341 318 2414 tur,
347 2336 454 2398 ἀνιέναι
480 2335 665 2416 praeferens
691 2335 789 2399 verbo
817 2335 908 2398 ἀνιάν.
953 2334 1174 2398 Aristarchum
1202 2335 1308 2416 ipsum
1335 2333 1382 2398 lo-

256 2440 403 2522 quentem
425 2442 457 2501 et
477 2435 628 2500 adversus
648 2435 850 2500 Hellanicum
872 2435 1088 2518 disputantem
1104 2436 1381 2518 deprehendimus,

142 2585 146 2594 -
256 2545 289 2604 et
315 2537 457 2622 ejusdem
486 2542 560 2601 sunt
586 2537 684 2601 verba
712 2558 810 2619 usque
838 2537 880 2602 ad
908 2536 967 2601 ἔστι
993 2539 1048 2622 γὰρ
1076 2539 1134 2600 ἀπὸ
1162 2543 1216 2622 τῆς
1243 2536 1381 2622 δευτέρας

173 2681 177 2689 -
256 2642 392 2725 συζυγίας
424 2645 480 2703 τῶν
514 2639 741 2724 περισπωμένων
775 2641 846 2703 ἀνιῶ
873 2641 954 2724 ἀνιᾷς
981 2641 1047 2724 ἀνιᾷ
1073 2646 1105 2704 et
1132 2659 1212 2721 qvae
1239 2639 1381 2721 ejusdem

255 2751 330 2809 sunt
356 2743 489 2826 generis.
536 2741 621 2819 Quae
648 2762 723 2806 vero
746 2741 820 2806 inde
842 2743 1005 2824 excipiunt
1027 2743 1068 2806 ab
1091 2741 1161 2805 ἔνιοι
1182 2741 1215 2804 δέ
1236 2760 1307 2825 φασι
1329 2761 1382 2804 us-

255 2867 314 2929 qve
343 2845 384 2911 ad
406 2846 563 2931 λαμβάνειν
587 2847 679 2929 δῶρα,
702 2844 818 2927 qvippe
841 2843 954 2926 quibus
974 2845 1042 2928 jam
1065 2844 1151 2910 dicta
1173 2843 1268 2908 modo
1291 2862 1382 2925 repe·

255 2953 365 3012 tantur
387 2968 488 3028 neqve
509 2947 582 3011 novi
605 2946 774 3028 qvidqvam
797 2945 946 3023 addatur,
968 2946 1049 3010 haec
1070 2945 1217 3010 videntur
1241 2945 1382 3026 interpo-

255 3049 351 3114 latori
366 3047 578 3112 adscribenda
594 3069 673 3113 esse.
696 3047 863 3111 Postrema
877 3047 1019 3129 sequitur
1034 3046 1199 3112 Heliodori
1214 3047 1382 3124 sententia,

256 3150 297 3216 ab
325 3149 513 3214 Aristarcho
535 3169 599 3213 nou
623 3148 817 3230 discrepans.
861 3149 890 3210 A
919 3169 981 3230 qva
1002 3153 1109 3213 tamen
1131 3148 1238 3212 nescio
1262 3167 1304 3211 an
1327 3147 1382 3212 ab·

252 3250 429 3334 judicanda
460 3251 524 3314 sint
555 3250 636 3314 haec
668 3255 721 3333 τῆς
748 3255 917 3335 μεταφορᾶς
944 3249 1034 3334 οὔσης
1060 3251 1118 3313 ἀπὸ
1146 3255 1199 3334 τῆς
1225 3248 1384 3335 ἀνιημένης

256 3357 312 3417 τῶν
340 3356 433 3416 κυνῶν
463 3351 537 3414 κατὰ
564 3351 632 3420 τοὺς
657 3352 754 3437 θήρας
781 3351 925 3437 ἀφέσεως,
953 3373 1034 3434 qvae
1061 3373 1100 3418 ex
1127 3350 1306 3416 Aristarchi
1328 3370 1382 3414 ex-

254 3453 427 3538 plicatione
458 3451 515 3530 (cl.
548 3452 663 3537 schol.)
696 3454 760 3518 huc
791 3455 1000 3536 irrepserunt.
1029 3491 1071 3503 —
1100 3453 1248 3520 Ceterum
1275 3453 1381 3535 ipsum

255 3554 456 3620 Hellanicum
478 3555 594 3638 legisse
615 3555 804 3638 Apollonius
826 3577 891 3620 non
912 3556 1047 3634 videtur,
1070 3555 1126 3620 sed
1149 3576 1188 3619 ex
1203 3554 1383 3618 Aristarchi

255 3657 383 3740 scriptis
416 3657 610 3740 cognovisse.
655 3655 756 3733 Qvum
784 3657 868 3720 enim
896 3657 1093 3737 Hellanicus,
1121 3656 1300 3722 Aristarchi
1328 3676 1383 3720 ae-

256 3758 368 3840 qualis,
395 3757 437 3823 ab
464 3757 604 3824 Homero
632 3755 807 3842 Odysseam
833 3758 1022 3842 abrogasset
1048 3779 1206 3842 unamque
1233 3757 1280 3822 illi
1309 3757 1419 3851 reli-³

257 3861 375 3943 quisset
407 3861 550 3939 Iliadem,
583 3861 668 3926 hanc
696 3859 875 3926 doctrinam
903 3861 1109 3926 Aristarchus
1138 3881 1210 3924 cum
1236 3861 1269 3924 in
1297 3879 1384 3924 com-

256 3964 422 4028 mentariis
448 3969 517 4027 tum
539 3962 763 4027 dissertatione
785 3961 941 4046 singulari
962 3963 1217 4044 impugnaverat.
1261 3959 1385 4024 Multae

257 4062 299 4129 ad
326 4063 490 4129 Xenonem
518 4070 550 4128 et
576 4063 778 4128 Hellanicum
806 4064 996 4148 spectabant
1023 4063 1139 4146 diplae,
1162 4069 1199 4128 ut
1220 4063 1292 4148 πρὸς
1315 4063 1385 4129 τοὺς

257 4165 393 4250 λέγοντας
416 4167 456 4250 μὴ
481 4165 552 4228 εἶναι
572 4170 624 4229 τοῦ
647 4165 738 4230 αὐτοῦ
759 4171 882 4251 ποιητοῦ
904 4165 1014 4230 Ἰλιοίδοι
1034 4167 1087 4228 παὶ
1110 4163 1292 4242 ’οδυοοείοιν,
1310 4164 1383 4248 πρὸς
