3098 4874
1216 327 1254 388 31

171 507 267 573 modc
294 508 442 586 ,ἀντίδεον
471 506 671 591 Πολύφημον“
700 509 736 587 (α
765 507 821 586 70)
844 507 947 590 accipi
968 507 1078 573 multis
1101 507 1302 590 displicebat,

172 610 295 674 ratione
323 609 436 674 habita
465 608 614 692 Cyclopis
640 605 726 672 illius
747 607 838 689 impii
861 613 893 672 et
913 609 1061 691 improbi.
1108 609 1210 687 Quare
1232 609 1302 674 ἔνιοι

173 714 220 774 τδν
244 712 464 795 ἐναντιούμενον
487 712 567 778 θεοῖς
588 709 895 792 interpretabantur.
929 712 972 776 At
986 713 1070 776 hano
1084 713 1301 795 interpretati·

171 835 263 880 onem
292 813 482 878 Aristarcho
511 811 620 878 deberi
649 813 701 875 vix
730 811 930 890 crediderim,
954 814 1037 896 qvia,
1059 819 1096 878 ut
1117 814 1222 896 Apoll.
1246 816 1300 893 ait,

170 917 351 998 ἀντιανείρας
376 913 485 998 Ἀμαζ.
512 934 576 979 non
598 912 757 978 intellexit
778 913 829 981 τὰς
851 913 1073 998 ἐναντιουμένας
1094 916 1223 1000 ἀνδράσι,
1246 917 1303 981 sed

170 1019 333 1101 ἰσάνδρους.
377 1017 487 1081 Potius
508 1016 594 1080 illius
618 1014 800 1098 opinionem
814 1015 936 1080 referre
950 1017 1077 1082 videtur
1093 1019 1192 1083 schol.
1210 1017 1301 1084 Harl.

172 1143 192 1182 α
216 1123 266 1182 7οι
289 1123 346 1188 τοῖς
367 1119 446 1187 θεοῖς
468 1118 568 1181 ἑαντδν
592 1118 750 1202 δμοίυῦντα
772 1153 814 1166 --
837 1153 888 1196 -,
911 1117 977 1197 ubi,
993 1119 1138 1202 qvamvis
1155 1120 1301 1202 paullum

173 1226 305 1299 mutata,
328 1226 436 1286 tamen
458 1226 587 1286 servata
604 1225 652 1284 est
669 1219 767 1297 notio,
786 1241 879 1302 qvam
897 1220 951 1286 ille
962 1222 1049 1286 vocis
1064 1222 1129 1286 ἀντί
1136 1224 1302 1306 propriam

172 1342 241 1386 esse
262 1321 371 1387 voluit.

274 1425 324 1490 De
347 1425 640 1506 ἀνακτορίῃσιν.
663 1422 764 1486 Lehrs
785 1424 842 1487 Ar.
863 1443 895 1504 p.
921 1425 992 1488 154.

275 1525 443 1608 ἀνέχῃσι.
488 1525 583 1589 Hanc
609 1523 777 1588 attollendi
804 1523 976 1603 notionem,
1004 1526 1146 1608 qvamvis
1173 1529 1304 1610 proprie

175 1626 218 1692 ad
241 1647 280 1690 ea
301 1632 427 1691 tantum
448 1626 618 1708 pertineat,
643 1645 723 1706 qvae
744 1624 890 1690 sensibus
913 1625 1059 1709 subjecta
1080 1627 1148 1692 visu
1166 1634 1198 1694 et
1214 1634 1304 1695 tactu

175 1728 347 1794 manifesta
370 1733 453 1806 sunt,
477 1726 584 1810 qualia
605 1725 693 1808 apud
715 1725 809 1790 Hom.
832 1726 928 1791 obvia
948 1733 1023 1792 sunt
1038 1729 1144 1812 αἰγίδα,
1160 1734 1303 1816 κεφαλήν,

174 1832 290 1907 ἀσπίδα,
313 1834 414 1914 χεῖρας
436 1829 562 1913 ἀνέχειν,
586 1829 721 1900 eandem
743 1827 903 1892 interdum
926 1834 1033 1894 tamen
1057 1831 1098 1896 ad
1116 1853 1154 1898 ea
1171 1853 1303 1916 qvoqve,

173 1953 254 2014 qvae
276 1953 296 1996 a
317 1932 463 1996 sensibus
486 1936 611 1996 remota
628 1929 688 1994 sub
706 1929 808 1994 solam
826 1930 1051 2013 cogitationem
1064 1933 1193 2012 cadunt,
1204 1935 1303 2000 Arist.

172 2033 363 2098 translatam
391 2053 461 2098 esse
487 2033 598 2111 voluit,
626 2037 663 2096 ut
690 2055 706 2094 τ
734 2036 792 2096 111
824 2032 948 2102 εὐδικίας
976 2033 1110 2118 ἀνέχῃσι,
1139 2036 1223 2117 qvod
1251 2057 1302 2118 ap.

173 2135 278 2219 Apoll.
306 2135 413 2199 reddit
440 2136 501 2198 ἀνω
525 2134 594 2218 ἔχῃ.
638 2134 711 2198 Non
735 2132 857 2210 dubito,
881 2135 956 2216 qvin
978 2135 1108 2214 fuerint,
1130 2137 1183 2219 qvi
1205 2137 1303 2201 inter·

173 2238 386 2319 pretationem
410 2237 512 2319 magis
534 2257 555 2300 a
577 2235 723 2300 sensibus
740 2235 938 2302 abstractam
956 2238 1111 2301 tentarint
1134 2240 1186 2321 (ut
1205 2238 1303 2321 Apol·

174 2339 280 2404 lonius
302 2343 425 2403 noster:
448 2339 581 2421 σημαίνει
603 2339 690 2401 δὲτὸ
713 2336 819 2422 αὔξει),
843 2359 937 2422 qvam
960 2343 1067 2404 tamen
1083 2338 1125 2404 ab
1141 2341 1197 2404 Ar.
1216 2340 1305 2423 dipla

176 2445 320 2506 notatam
342 2439 449 2517 fuisse,
473 2440 630 2522 suspicari
652 2439 737 2504 licet.

278 2545 469 2626 δουπῆσαι.
514 2541 772 2623 Explicationem
806 2546 932 2606 tantum
959 2563 1069 2608 versus
1094 2544 1123 2608 Ψ
1146 2547 1207 2607 679
1231 2564 1304 2607 cum

174 2645 354 2710 Aristarchi
381 2645 510 2710 nomine
540 2642 649 2722 atiert;
685 2643 787 2708 eidem
821 2648 928 2708 tamen
958 2645 1054 2709 etiam
1076 2645 1306 2727 praecedentia

175 2753 317 2833 ψυφῆσαι,
351 2747 384 2810 ἐκ
416 2748 450 2810 δὲ
485 2752 537 2810 τοῦ
571 2747 865 2831 παρακολουθοῦντος
894 2745 991 2830 [addo
1020 2766 1038 2809 a
1065 2745 1164 2810 schol.
1192 2746 1304 2830 ψόφου]

176 2851 332 2914 ἀποθανεῖν
360 2849 486 2914 πεσόντα
514 2851 544 2912 ἐν
573 2849 694 2936 πολέμκμ
718 2848 836 2927 deberi,
860 2869 878 2913 e
900 2848 966 2912 sch.
990 2846 1018 2910 Π
1041 2850 1103 2910 822
1127 2852 1159 2911 et
1180 2845 1208 2911 N
1231 2851 1304 2913 426.

178 2958 321 3035 apparet.
367 2953 428 3036 (cf.
451 2952 553 3017 Lehrs
574 2953 630 3016 Ar.
656 2956 726 3016 103.
752 2954 848 3034 104.).

279 3055 510 3138 δυσηλεγέος.
556 3055 585 3117 έν
609 3057 646 3136 τῃ
668 3077 691 3138 χ
714 3061 767 3138 τῆς
785 3049 957 3121 Ὀδυσσείας
974 3053 990 3114 ὁ
1008 3050 1202 3137 Ἀρίσταρχος
1220 3054 1305 3133 ,ὅταν

179 3157 230 3240 μὲν
259 3156 332 3241 λέγῃ
360 3159 408 3220 τὸν
436 3158 563 3219 δαίνατον
591 3161 732 3232 τοιοῦτον,
756 3157 890 3240 σημαίνει
913 3157 1157 3240 μακροκοίμητον,
1181 3157 1249 3220 ὅταν
1273 3157 1306 3220 δὲ

177 3257 285 3335 ἀλλους,
314 3258 510 3344 καταστρέφει
537 3259 578 3326 εἰς
605 3257 708 3320 ταύτὸν
737 3259 779 3342 τῷ
808 3260 1047 3342 κακοκοίμητον.“
1091 3258 1305 3342 ἥδυσαλγέος,

176 3361 251 3424 κακὰ
284 3361 360 3445 ἀλγῃ
395 3361 591 3447 ἐπιφέροντος.
619 3397 662 3409 -
690 3359 796 3442 Caput
823 3359 949 3442 glossae
976 3359 1107 3442 respicit
1135 3358 1160 3421 Υ
1188 3361 1251 3424 254
1278 3362 1304 3422 δ.

176 3463 326 3548 πολέμοιο.
372 3464 457 3541 Qvae
480 3468 655 3547 sequuntur
676 3463 748 3545 ipsa
769 3467 845 3527 sunt
866 3462 1046 3527 Aristarchi
1067 3461 1175 3540 verba,
1199 3460 1307 3544 qvalia

176 3565 424 3650 lexicographus
446 3568 479 3630 in
503 3565 731 3631 commentario
755 3565 797 3630 ad
821 3563 975 3649 odysseae
992 3563 1111 3629 librum
1127 3587 1149 3647 χ
1166 3565 1306 3647 (versum

178 3670 253 3751 325)
276 3667 408 3751 legerat.
453 3668 503 3732 Ex
524 3669 573 3732 his
594 3667 732 3733 tortasse
748 3667 855 3750 glossa
868 3667 960 3732 initio
976 3667 1093 3732 omissa
1108 3664 1234 3730 restitui
1248 3683 1306 3744 po·

177 3775 250 3847 test,
283 3770 330 3834 ita
359 3776 396 3834 ut
429 3771 484 3835 sit:
519 3773 634 3854 δυσηλ,
662 3773 889 3855 κακυκοιμήτυυ.
918 3807 958 3818 -
986 3769 1113 3830 θάνατον
1142 3765 1307 3850 δυσηλεγέα

177 3877 267 3936 extat
287 3894 309 3956 χ
333 3877 404 3952 325,
429 3873 520 3957 cujus
542 3879 650 3938 tamen
673 3871 773 3937 schol.
796 3872 908 3937 habet:
932 3869 1134 3952 δυσκοίμητον.
1180 3868 1218 3933 V.
1243 3869 1307 3934 διίσ-

177 3996 277 4059 ρημον
301 3975 348 4038 διὰ
370 3975 438 4044 robe
460 3976 598 4060 θρήνους.
643 3973 683 4037 Η.
708 3973 743 4050 Q.
767 3977 863 4055 (qvae
885 3971 992 4053 aptius
1014 3969 1054 4036 de
1077 3973 1208 4058 δυςηχής
1224 3971 1308 4037 dice·

177 4083 289 4142 rentur
313 4077 352 4142 cf.
375 4078 437 4143 lex.
461 4079 522 4160 Ap.
546 4075 717 4159 δυσηχέος).
752 4074 900 4139 Ceterum
917 4072 1030 4137 melius
1046 4075 1116 4140 voci
1133 4074 1308 4158 τανηλεγέος

177 4202 271 4262 qvam
301 4183 404 4264 δυσῃλ.
449 4179 629 4244 Aristarchi
658 4176 838 4244 observatio
861 4176 1044 4242 conveniret
1066 4180 1116 4260 (ut
1137 4177 1238 4241 Lehrs
1260 4176 1307 4240 in-
