<?xml version="1.0" encoding="UTF-8"?>
<!DOCTYPE html PUBLIC "-//W3C//DTD XHTML 1.0 Transitional//EN"
    "http://www.w3.org/TR/xhtml1/DTD/xhtml1-transitional.dtd">
<html xmlns="http://www.w3.org/1999/xhtml" xml:lang="en" lang="en">
 <head>
  <title>
</title>
<meta http-equiv="Content-Type" content="text/html;charset=utf-8" />
  <meta name='ocr-system' content='tesseract 3.04.00' />
  <meta name='ocr-capabilities' content='ocr_page ocr_carea ocr_par ocr_line ocrx_word'/>
</head>
<body>
  <div class='ocr_page' id='page_1' title='image "./dearistarcholex00forsgoog_0106.png"; bbox 0 0 3108 4870; ppageno 0'>
   <div class='ocr_carea' id='block_1_1' title="bbox 1197 371 1236 430">
    <p class='ocr_par' dir='ltr' id='par_1_1' title="bbox 1197 371 1236 430">
     <span class='ocr_line' id='line_1_1' title="bbox 1197 371 1236 430; baseline 0 0"><span class='ocrx_word' id='word_1_1' title='bbox 1197 371 1236 430; x_wconf 91' lang='grc'>99</span> 
     </span>
    </p>
   </div>
   <div class='ocr_carea' id='block_1_2' title="bbox 131 554 1281 3923">
    <p class='ocr_par' dir='ltr' id='par_1_2' title="bbox 162 554 1280 742">
     <span class='ocr_line' id='line_1_2' title="bbox 162 554 1280 639; baseline -0.001 -19"><span class='ocrx_word' id='word_1_2' title='bbox 162 556 255 639; x_wconf 90' lang='lat' dir='ltr'>ponit</span> <span class='ocrx_word' id='word_1_3' title='bbox 279 555 333 633; x_wconf 78' lang='grc'><strong>1110</strong></span> <span class='ocrx_word' id='word_1_4' title='bbox 355 556 490 638; x_wconf 74' lang='lat' dir='ltr'>quidem,</span> <span class='ocrx_word' id='word_1_5' title='bbox 514 555 570 620; x_wconf 87' lang='lat' dir='ltr'>sed</span> <span class='ocrx_word' id='word_1_6' title='bbox 591 555 664 619; x_wconf 87' lang='lat' dir='ltr'>laxe</span> <span class='ocrx_word' id='word_1_7' title='bbox 687 559 810 620; x_wconf 89' lang='lat' dir='ltr'>tantum</span> <span class='ocrx_word' id='word_1_8' title='bbox 833 560 865 620; x_wconf 92' lang='lat' dir='ltr'>et</span> <span class='ocrx_word' id='word_1_9' title='bbox 886 555 1001 637; x_wconf 87' lang='lat' dir='ltr'>specie,</span> <span class='ocrx_word' id='word_1_10' title='bbox 1023 555 1154 618; x_wconf 87' lang='lat' dir='ltr'>nonita</span> <span class='ocrx_word' id='word_1_11' title='bbox 1176 561 1211 618; x_wconf 89' lang='lat' dir='ltr'>ut</span> <span class='ocrx_word' id='word_1_12' title='bbox 1234 554 1280 620; x_wconf 93' lang='lat' dir='ltr'>lo-</span> 
     </span>
     <span class='ocr_line' id='line_1_3' title="bbox 163 657 1210 742; baseline -0.004 -18"><span class='ocrx_word' id='word_1_13' title='bbox 163 661 209 725; x_wconf 89' lang='grc'>011</span> <span class='ocrx_word' id='word_1_14' title='bbox 232 659 398 742; x_wconf 78' lang='lat' dir='ltr'>explicatis</span> <span class='ocrx_word' id='word_1_15' title='bbox 420 665 452 724; x_wconf 92' lang='grc'>01</span> <span class='ocrx_word' id='word_1_16' title='bbox 472 659 555 723; x_wconf 89' lang='grc'><strong>11101</strong></span> <span class='ocrx_word' id='word_1_17' title='bbox 577 679 610 723; x_wconf 91' lang='grc'>10</span> <span class='ocrx_word' id='word_1_18' title='bbox 633 657 757 724; x_wconf 83' lang='grc'><strong>00110111</strong></span> <span class='ocrx_word' id='word_1_19' title='bbox 779 679 889 723; x_wconf 89' lang='grc'><strong>101111</strong></span> <span class='ocrx_word' id='word_1_20' title='bbox 911 657 1056 722; x_wconf 80' lang='lat' dir='ltr'>vocabuli</span> <span class='ocrx_word' id='word_1_21' title='bbox 1079 657 1210 722; x_wconf 79' lang='lat' dir='ltr'>eluceat.</span> 
     </span>
    </p>

    <p class='ocr_par' dir='ltr' id='par_1_3' title="bbox 157 759 1281 1564">
     <span class='ocr_line' id='line_1_4' title="bbox 266 759 1280 846; baseline 0 -22"><span class='ocrx_word' id='word_1_22' title='bbox 266 766 296 826; x_wconf 81' lang='lat'>2.</span> <span class='ocrx_word' id='word_1_23' title='bbox 340 761 413 826; x_wconf 90' lang='lat' dir='ltr'>Huc</span> <span class='ocrx_word' id='word_1_24' title='bbox 440 761 535 825; x_wconf 87' lang='lat' dir='ltr'>etiam</span> <span class='ocrx_word' id='word_1_25' title='bbox 561 761 595 824; x_wconf 92' lang='lat' dir='ltr'>id</span> <span class='ocrx_word' id='word_1_26' title='bbox 622 761 769 842; x_wconf 87' lang='lat' dir='ltr'>pertinet,</span> <span class='ocrx_word' id='word_1_27' title='bbox 797 761 880 843; x_wconf 90' lang='lat' dir='ltr'>qvod</span> <span class='ocrx_word' id='word_1_28' title='bbox 902 760 1114 846; x_wconf 85' lang='lat' dir='ltr'>Aristarchus¹</span> <span class='ocrx_word' id='word_1_29' title='bbox 1128 765 1213 824; x_wconf 92' lang='lat' dir='ltr'>totos</span> <span class='ocrx_word' id='word_1_30' title='bbox 1234 759 1280 824; x_wconf 93' lang='lat' dir='ltr'>lo-</span> 
     </span>
     <span class='ocr_line' id='line_1_5' title="bbox 161 862 1281 947; baseline -0.003 -18"><span class='ocrx_word' id='word_1_31' title='bbox 161 885 217 929; x_wconf 92' lang='lat' dir='ltr'>cos</span> <span class='ocrx_word' id='word_1_32' title='bbox 239 863 433 947; x_wconf 79' lang='lat' dir='ltr'>paraphrasi</span> <span class='ocrx_word' id='word_1_33' title='bbox 456 864 634 946; x_wconf 84' lang='lat' dir='ltr'>exprimere</span> <span class='ocrx_word' id='word_1_34' title='bbox 656 863 790 942; x_wconf 84' lang='lat' dir='ltr'>solebat,</span> <span class='ocrx_word' id='word_1_35' title='bbox 813 863 944 928; x_wconf 87' lang='lat' dir='ltr'>verbum</span> <span class='ocrx_word' id='word_1_36' title='bbox 965 863 1061 928; x_wconf 89' lang='lat' dir='ltr'>verbo</span> <span class='ocrx_word' id='word_1_37' title='bbox 1084 862 1220 928; x_wconf 90' lang='lat' dir='ltr'>reddens</span> <span class='ocrx_word' id='word_1_38' title='bbox 1242 883 1281 928; x_wconf 90' lang='lat' dir='ltr'>ac</span> 
     </span>
     <span class='ocr_line' id='line_1_6' title="bbox 160 965 1279 1050; baseline -0.004 -18"><span class='ocrx_word' id='word_1_39' title='bbox 160 975 324 1050; x_wconf 90' lang='lat' dir='ltr'>postremo</span> <span class='ocrx_word' id='word_1_40' title='bbox 353 967 451 1032; x_wconf 90' lang='lat' dir='ltr'>totius</span> <span class='ocrx_word' id='word_1_41' title='bbox 477 967 540 1030; x_wconf 92' lang='lat' dir='ltr'>loci</span> <span class='ocrx_word' id='word_1_42' title='bbox 566 987 692 1032; x_wconf 88' lang='lat' dir='ltr'>sensum</span> <span class='ocrx_word' id='word_1_43' title='bbox 719 967 866 1049; x_wconf 88' lang='lat' dir='ltr'>aperiens</span> <span class='ocrx_word' id='word_1_44' title='bbox 893 965 1008 1050; x_wconf 88' lang='lat' dir='ltr'>(Lehrs</span> <span class='ocrx_word' id='word_1_45' title='bbox 1036 968 1090 1029; x_wconf 88' lang='lat' dir='ltr'>Ar.</span> <span class='ocrx_word' id='word_1_46' title='bbox 1121 970 1180 1029; x_wconf 86' lang='grc'>153</span> <span class='ocrx_word' id='word_1_47' title='bbox 1209 985 1279 1048; x_wconf 88' lang='lat' dir='ltr'>sqq.</span> 
     </span>
     <span class='ocr_line' id='line_1_7' title="bbox 160 1069 1280 1154; baseline -0.002 -18"><span class='ocrx_word' id='word_1_48' title='bbox 160 1071 272 1136; x_wconf 90' lang='lat' dir='ltr'>scholl.</span> <span class='ocrx_word' id='word_1_49' title='bbox 300 1071 326 1134; x_wconf 88' lang='grc' dir='ltr'><strong>Τ</strong></span> <span class='ocrx_word' id='word_1_50' title='bbox 354 1073 441 1154; x_wconf 88' lang='grc'><strong>406).</strong></span> <span class='ocrx_word' id='word_1_51' title='bbox 485 1070 596 1152; x_wconf 83' lang='lat' dir='ltr'>Iaqve</span> <span class='ocrx_word' id='word_1_52' title='bbox 623 1071 733 1153; x_wconf 88' lang='lat' dir='ltr'>poesin</span> <span class='ocrx_word' id='word_1_53' title='bbox 760 1071 793 1134; x_wconf 94' lang='lat' dir='ltr'>in</span> <span class='ocrx_word' id='word_1_54' title='bbox 819 1091 949 1152; x_wconf 89' lang='lat' dir='ltr'>prosam</span> <span class='ocrx_word' id='word_1_55' title='bbox 971 1075 1003 1134; x_wconf 91' lang='lat' dir='ltr'>et</span> <span class='ocrx_word' id='word_1_56' title='bbox 1025 1069 1187 1152; x_wconf 86' lang='lat' dir='ltr'>vulgarem</span> <span class='ocrx_word' id='word_1_57' title='bbox 1209 1090 1280 1134; x_wconf 86' lang='lat' dir='ltr'>ora·</span> 
     </span>
     <span class='ocr_line' id='line_1_8' title="bbox 159 1171 1281 1255; baseline -0.001 -18"><span class='ocrx_word' id='word_1_58' title='bbox 159 1173 279 1238; x_wconf 89' lang='lat' dir='ltr'>tionem</span> <span class='ocrx_word' id='word_1_59' title='bbox 302 1171 453 1237; x_wconf 87' lang='lat' dir='ltr'>solvebat.</span> <span class='ocrx_word' id='word_1_60' title='bbox 497 1171 601 1254; x_wconf 88' lang='lat' dir='ltr'>Hujus</span> <span class='ocrx_word' id='word_1_61' title='bbox 624 1173 748 1255; x_wconf 80' lang='lat' dir='ltr'>generis</span> <span class='ocrx_word' id='word_1_62' title='bbox 769 1173 802 1236; x_wconf 90' lang='lat' dir='ltr'>in</span> <span class='ocrx_word' id='word_1_63' title='bbox 824 1171 926 1236; x_wconf 84' lang='lat' dir='ltr'>lexico</span> <span class='ocrx_word' id='word_1_64' title='bbox 949 1193 1017 1236; x_wconf 90' lang='lat' dir='ltr'>esse</span> <span class='ocrx_word' id='word_1_65' title='bbox 1040 1171 1198 1236; x_wconf 87' lang='lat' dir='ltr'>videntur:</span> <span class='ocrx_word' id='word_1_66' title='bbox 1222 1173 1281 1255; x_wconf 85' lang='grc' dir='ltr'>ἀγ-</span> 
     </span>
     <span class='ocr_line' id='line_1_9' title="bbox 157 1273 1280 1361; baseline 0 -23"><span class='ocrx_word' id='word_1_67' title='bbox 157 1276 299 1360; x_wconf 80' lang='grc' dir='ltr'>γελίην,</span> <span class='ocrx_word' id='word_1_68' title='bbox 328 1276 466 1361; x_wconf 79' lang='grc' dir='ltr'>γράψας</span> <span class='ocrx_word' id='word_1_69' title='bbox 489 1274 526 1358; x_wconf 90' lang='grc' dir='ltr'>(Ζ</span> <span class='ocrx_word' id='word_1_70' title='bbox 551 1278 637 1353; x_wconf 92' lang='grc'><strong>169),</strong></span> <span class='ocrx_word' id='word_1_71' title='bbox 660 1275 815 1342; x_wconf 84' lang='grc' dir='ltr'>ἐντυπὰς</span> <span class='ocrx_word' id='word_1_72' title='bbox 838 1275 872 1336; x_wconf 87' lang='grc' dir='ltr'>έν</span> <span class='ocrx_word' id='word_1_73' title='bbox 894 1275 1041 1358; x_wconf 75' lang='grc' dir='ltr'>χλαίνῃ,</span> <span class='ocrx_word' id='word_1_74' title='bbox 1064 1273 1193 1359; x_wconf 84' lang='grc' dir='ltr'><strong>ἔρρων,</strong></span> <span class='ocrx_word' id='word_1_75' title='bbox 1215 1277 1280 1338; x_wconf 84' lang='grc' dir='ltr'>κώ-</span> 
     </span>
     <span class='ocr_line' id='line_1_10' title="bbox 158 1369 1280 1462; baseline -0.001 -21"><span class='ocrx_word' id='word_1_76' title='bbox 158 1381 260 1442; x_wconf 85' lang='grc' dir='ltr'>δειαν</span> <span class='ocrx_word' id='word_1_77' title='bbox 289 1381 332 1461; x_wconf 88' lang='lat' dir='ltr'>(v.</span> <span class='ocrx_word' id='word_1_78' title='bbox 355 1377 379 1440; x_wconf 88' lang='grc' dir='ltr'><strong>Ξ</strong></span> <span class='ocrx_word' id='word_1_79' title='bbox 403 1379 490 1460; x_wconf 89' lang='grc'>499),</span> <span class='ocrx_word' id='word_1_80' title='bbox 513 1377 635 1440; x_wconf 80' lang='grc' dir='ltr'><strong>λαθεῖν</strong></span> <span class='ocrx_word' id='word_1_81' title='bbox 660 1378 701 1462; x_wconf 86' lang='lat' dir='ltr'>(v.</span> <span class='ocrx_word' id='word_1_82' title='bbox 724 1377 740 1440; x_wconf 90' lang='lat' dir='ltr'>l</span> <span class='ocrx_word' id='word_1_83' title='bbox 763 1369 850 1458; x_wconf 81' lang='grc'><strong>537),</strong></span> <span class='ocrx_word' id='word_1_84' title='bbox 872 1380 1000 1462; x_wconf 81' lang='grc' dir='ltr'>λαχμῷ</span> <span class='ocrx_word' id='word_1_85' title='bbox 1024 1377 1048 1461; x_wconf 93' lang='grc' dir='ltr'>(ι</span> <span class='ocrx_word' id='word_1_86' title='bbox 1069 1379 1157 1460; x_wconf 91' lang='grc'>445),</span> <span class='ocrx_word' id='word_1_87' title='bbox 1181 1377 1280 1440; x_wconf 82' lang='grc' dir='ltr'>οὔνε-</span> 
     </span>
     <span class='ocr_line' id='line_1_11' title="bbox 158 1478 1279 1564; baseline -0.001 -19"><span class='ocrx_word' id='word_1_88' title='bbox 158 1481 242 1556; x_wconf 80' lang='grc' dir='ltr'>σθε,</span> <span class='ocrx_word' id='word_1_89' title='bbox 275 1481 341 1564; x_wconf 84' lang='grc' dir='ltr'>πρὸ</span> <span class='ocrx_word' id='word_1_90' title='bbox 375 1479 516 1564; x_wconf 81' lang='grc' dir='ltr'>φόωςδε</span> <span class='ocrx_word' id='word_1_91' title='bbox 548 1479 589 1564; x_wconf 90' lang='grc' dir='ltr'>(Τ</span> <span class='ocrx_word' id='word_1_92' title='bbox 623 1482 709 1563; x_wconf 88' lang='grc'><strong>118),</strong></span> <span class='ocrx_word' id='word_1_93' title='bbox 742 1479 926 1564; x_wconf 75' lang='grc' dir='ltr'>σήκασθεν</span> <span class='ocrx_word' id='word_1_94' title='bbox 959 1478 999 1563; x_wconf 85' lang='grc' dir='ltr'>(Θ</span> <span class='ocrx_word' id='word_1_95' title='bbox 1029 1481 1113 1561; x_wconf 87' lang='grc'><strong>131),</strong></span> <span class='ocrx_word' id='word_1_96' title='bbox 1142 1485 1279 1544; x_wconf 75' lang='grc' dir='ltr'>στεῦτο.</span> 
     </span>
    </p>

    <p class='ocr_par' dir='ltr' id='par_1_4' title="bbox 131 1581 1280 3923">
     <span class='ocr_line' id='line_1_12' title="bbox 261 1581 1280 1666; baseline 0 -20"><span class='ocrx_word' id='word_1_97' title='bbox 261 1582 350 1648; x_wconf 86' lang='grc' dir='ltr'>Ηο00</span> <span class='ocrx_word' id='word_1_98' title='bbox 379 1582 547 1646; x_wconf 81' lang='lat' dir='ltr'>disertiora</span> <span class='ocrx_word' id='word_1_99' title='bbox 573 1589 647 1646; x_wconf 90' lang='lat' dir='ltr'>snut</span> <span class='ocrx_word' id='word_1_100' title='bbox 668 1582 763 1666; x_wconf 89' lang='lat' dir='ltr'>hujus</span> <span class='ocrx_word' id='word_1_101' title='bbox 785 1582 909 1665; x_wconf 84' lang='lat' dir='ltr'>generis</span> <span class='ocrx_word' id='word_1_102' title='bbox 932 1581 1086 1663; x_wconf 88' lang='lat' dir='ltr'>exempla,</span> <span class='ocrx_word' id='word_1_103' title='bbox 1110 1581 1280 1647; x_wconf 78' lang='grc'><strong>10610111-</strong></span> 
     </span>
     <span class='ocr_line' id='line_1_13' title="bbox 158 1684 1279 1770; baseline 0 -22"><span class='ocrx_word' id='word_1_104' title='bbox 158 1687 214 1770; x_wconf 89' lang='lat' dir='ltr'>gia</span> <span class='ocrx_word' id='word_1_105' title='bbox 239 1685 447 1767; x_wconf 86' lang='lat' dir='ltr'>paraphrasis</span> <span class='ocrx_word' id='word_1_106' title='bbox 477 1685 654 1748; x_wconf 84' lang='lat' dir='ltr'>Aristarchi</span> <span class='ocrx_word' id='word_1_107' title='bbox 680 1705 739 1766; x_wconf 90' lang='lat' dir='ltr'>per</span> <span class='ocrx_word' id='word_1_108' title='bbox 764 1691 866 1748; x_wconf 90' lang='lat' dir='ltr'>totum</span> <span class='ocrx_word' id='word_1_109' title='bbox 893 1684 1017 1749; x_wconf 86' lang='lat' dir='ltr'>lexicon</span> <span class='ocrx_word' id='word_1_110' title='bbox 1046 1684 1189 1766; x_wconf 89' lang='lat' dir='ltr'>dispersa</span> <span class='ocrx_word' id='word_1_111' title='bbox 1211 1685 1279 1750; x_wconf 90' lang='lat' dir='ltr'>ubi-</span> 
     </span>
     <span class='ocr_line' id='line_1_14' title="bbox 158 1775 1280 1871; baseline 0 -19"><span class='ocrx_word' id='word_1_112' title='bbox 158 1809 220 1871; x_wconf 85' lang='lat' dir='ltr'>qve</span> <span class='ocrx_word' id='word_1_113' title='bbox 253 1793 435 1866; x_wconf 68' lang='lat' dir='ltr'>occurrunt</span> <span class='ocrx_word' id='word_1_114' title='bbox 467 1786 538 1852; x_wconf 91' lang='lat' dir='ltr'>dico</span> <span class='ocrx_word' id='word_1_115' title='bbox 570 1807 672 1863; x_wconf 88' lang='lat' dir='ltr'>voces,</span> <span class='ocrx_word' id='word_1_116' title='bbox 706 1807 785 1868; x_wconf 85' lang='lat' dir='ltr'>qvae</span> <span class='ocrx_word' id='word_1_117' title='bbox 801 1775 884 1852; x_wconf 71' lang='grc'><strong>’0111</strong></span> <span class='ocrx_word' id='word_1_118' title='bbox 918 1793 974 1854; x_wconf 87' lang='lat' dir='ltr'>aut</span> <span class='ocrx_word' id='word_1_119' title='bbox 1001 1787 1069 1851; x_wconf 91' lang='lat' dir='ltr'>solo</span> <span class='ocrx_word' id='word_1_120' title='bbox 1097 1788 1187 1869; x_wconf 84' lang='lat' dir='ltr'>spico</span> <span class='ocrx_word' id='word_1_121' title='bbox 1214 1809 1280 1852; x_wconf 87' lang='lat' dir='ltr'>ser·</span> 
     </span>
     <span class='ocr_line' id='line_1_15' title="bbox 158 1881 1280 1973; baseline 0.002 -19"><span class='ocrx_word' id='word_1_122' title='bbox 158 1910 252 1954; x_wconf 91' lang='lat' dir='ltr'>mone</span> <span class='ocrx_word' id='word_1_123' title='bbox 290 1895 442 1971; x_wconf 88' lang='lat' dir='ltr'>acceptae</span> <span class='ocrx_word' id='word_1_124' title='bbox 479 1881 592 1966; x_wconf 88' lang='lat' dir='ltr'>essent,</span> <span class='ocrx_word' id='word_1_125' title='bbox 627 1895 683 1954; x_wconf 86' lang='lat' dir='ltr'>aut</span> <span class='ocrx_word' id='word_1_126' title='bbox 714 1909 734 1953; x_wconf 89' lang='lat' dir='ltr'>a</span> <span class='ocrx_word' id='word_1_127' title='bbox 766 1889 890 1972; x_wconf 83' lang='lat' dir='ltr'>vulgari</span> <span class='ocrx_word' id='word_1_128' title='bbox 920 1910 981 1954; x_wconf 90' lang='lat' dir='ltr'>usu</span> <span class='ocrx_word' id='word_1_129' title='bbox 1013 1888 1187 1968; x_wconf 86' lang='lat' dir='ltr'>differrent,</span> <span class='ocrx_word' id='word_1_130' title='bbox 1221 1912 1280 1973; x_wconf 91' lang='lat' dir='ltr'>per</span> 
     </span>
     <span class='ocr_line' id='line_1_16' title="bbox 158 1991 1278 2076; baseline 0 -19"><span class='ocrx_word' id='word_1_131' title='bbox 158 1992 305 2076; x_wconf 86' lang='lat' dir='ltr'>vulgaria</span> <span class='ocrx_word' id='word_1_132' title='bbox 331 2013 505 2075; x_wconf 88' lang='lat' dir='ltr'>synonyma</span> <span class='ocrx_word' id='word_1_133' title='bbox 531 1991 758 2056; x_wconf 87' lang='lat' dir='ltr'>reddebantur.</span> <span class='ocrx_word' id='word_1_134' title='bbox 802 1991 871 2056; x_wconf 91' lang='lat' dir='ltr'>Hae</span> <span class='ocrx_word' id='word_1_135' title='bbox 899 1993 998 2074; x_wconf 84' lang='lat' dir='ltr'>igitur</span> <span class='ocrx_word' id='word_1_136' title='bbox 1025 1999 1099 2056; x_wconf 90' lang='lat' dir='ltr'>sunt</span> <span class='ocrx_word' id='word_1_137' title='bbox 1125 1993 1213 2062; x_wconf 89' lang='grc' dir='ltr'>λέξεις</span> <span class='ocrx_word' id='word_1_138' title='bbox 1242 1994 1278 2057; x_wconf 94' lang='lat' dir='ltr'>il-</span> 
     </span>
     <span class='ocr_line' id='line_1_17' title="bbox 159 2093 1277 2176; baseline 0 -18"><span class='ocrx_word' id='word_1_139' title='bbox 159 2095 210 2160; x_wconf 92' lang='lat' dir='ltr'>lae</span> <span class='ocrx_word' id='word_1_140' title='bbox 247 2095 434 2171; x_wconf 87' lang='lat' dir='ltr'>Aristarchi,</span> <span class='ocrx_word' id='word_1_141' title='bbox 469 2115 602 2176; x_wconf 81' lang='lat' dir='ltr'>quarum</span> <span class='ocrx_word' id='word_1_142' title='bbox 635 2093 757 2158; x_wconf 90' lang='lat' dir='ltr'>scholia</span> <span class='ocrx_word' id='word_1_143' title='bbox 794 2113 889 2176; x_wconf 78' lang='lat' dir='ltr'>saepe</span> <span class='ocrx_word' id='word_1_144' title='bbox 923 2094 1113 2158; x_wconf 89' lang='lat' dir='ltr'>mentionem</span> <span class='ocrx_word' id='word_1_145' title='bbox 1147 2095 1277 2160; x_wconf 86' lang='lat' dir='ltr'>faciunt.</span> 
     </span>
     <span class='ocr_line' id='line_1_18' title="bbox 160 2196 1274 2280; baseline 0.001 -20"><span class='ocrx_word' id='word_1_146' title='bbox 160 2197 249 2280; x_wconf 83' lang='lat' dir='ltr'>Opus</span> <span class='ocrx_word' id='word_1_147' title='bbox 265 2197 435 2278; x_wconf 86' lang='lat' dir='ltr'>peculiare,</span> <span class='ocrx_word' id='word_1_148' title='bbox 453 2196 540 2266; x_wconf 91' lang='grc' dir='ltr'>λέξεις</span> <span class='ocrx_word' id='word_1_149' title='bbox 554 2197 751 2278; x_wconf 88' lang='lat' dir='ltr'>inscriptum,</span> <span class='ocrx_word' id='word_1_150' title='bbox 767 2196 808 2260; x_wconf 91' lang='lat' dir='ltr'>ab</span> <span class='ocrx_word' id='word_1_151' title='bbox 823 2196 1010 2260; x_wconf 86' lang='lat' dir='ltr'>Aristarcho</span> <span class='ocrx_word' id='word_1_152' title='bbox 1022 2217 1191 2277; x_wconf 76' lang='lat' dir='ltr'>numquam</span> <span class='ocrx_word' id='word_1_153' title='bbox 1205 2218 1274 2261; x_wconf 88' lang='lat' dir='ltr'>con·</span> 
     </span>
     <span class='ocr_line' id='line_1_19' title="bbox 131 2297 1279 2381; baseline 0.006 -24"><span class='ocrx_word' id='word_1_154' title='bbox 131 2325 137 2356; x_wconf 84' lang='grc' dir='ltr'>ι</span> <span class='ocrx_word' id='word_1_155' title='bbox 161 2299 279 2362; x_wconf 88' lang='lat' dir='ltr'>lectum</span> <span class='ocrx_word' id='word_1_156' title='bbox 294 2319 359 2364; x_wconf 90' lang='grc'><strong>0110</strong></span> <span class='ocrx_word' id='word_1_157' title='bbox 374 2301 451 2364; x_wconf 85' lang='grc'><strong>10111</strong></span> <span class='ocrx_word' id='word_1_158' title='bbox 465 2300 549 2364; x_wconf 89' lang='grc'><strong>11101</strong></span> <span class='ocrx_word' id='word_1_159' title='bbox 563 2319 672 2363; x_wconf 90' lang='lat' dir='ltr'>omnes</span> <span class='ocrx_word' id='word_1_160' title='bbox 688 2304 812 2363; x_wconf 88' lang='lat' dir='ltr'>constat</span> <span class='ocrx_word' id='word_1_161' title='bbox 828 2297 1046 2381; x_wconf 83' lang='lat' dir='ltr'>(Sengebusch</span> <span class='ocrx_word' id='word_1_162' title='bbox 1061 2298 1143 2362; x_wconf 91' lang='lat' dir='ltr'>Diss.</span> <span class='ocrx_word' id='word_1_163' title='bbox 1159 2299 1279 2364; x_wconf 85' lang='lat' dir='ltr'>Homl</span> 
     </span>
     <span class='ocr_line' id='line_1_20' title="bbox 164 2401 1279 2486; baseline 0.003 -23"><span class='ocrx_word' id='word_1_164' title='bbox 164 2421 195 2483; x_wconf 90' lang='lat' dir='ltr'>p.</span> <span class='ocrx_word' id='word_1_165' title='bbox 218 2403 268 2464; x_wconf 83' lang='lat'>54.</span> <span class='ocrx_word' id='word_1_166' title='bbox 290 2401 474 2486; x_wconf 84' lang='lat' dir='ltr'>Bernhardy</span> <span class='ocrx_word' id='word_1_167' title='bbox 496 2401 551 2466; x_wconf 84' lang='lat' dir='ltr'>Gr.</span> <span class='ocrx_word' id='word_1_168' title='bbox 574 2401 634 2466; x_wconf 91' lang='lat' dir='ltr'>Lit.</span> <span class='ocrx_word' id='word_1_169' title='bbox 651 2402 765 2467; x_wconf 87' lang='lat' dir='ltr'>Gesch.</span> <span class='ocrx_word' id='word_1_170' title='bbox 781 2401 850 2480; x_wconf 82' lang='lat'>³11,</span> <span class='ocrx_word' id='word_1_171' title='bbox 868 2407 883 2464; x_wconf 92' lang='lat'>1</span> <span class='ocrx_word' id='word_1_172' title='bbox 901 2423 932 2484; x_wconf 90' lang='lat' dir='ltr'>p.</span> <span class='ocrx_word' id='word_1_173' title='bbox 950 2404 1036 2484; x_wconf 91' lang='grc'><strong>194),</strong></span> <span class='ocrx_word' id='word_1_174' title='bbox 1053 2403 1107 2466; x_wconf 92' lang='lat' dir='ltr'>sed</span> <span class='ocrx_word' id='word_1_175' title='bbox 1122 2423 1180 2484; x_wconf 92' lang='lat' dir='ltr'>per</span> <span class='ocrx_word' id='word_1_176' title='bbox 1195 2425 1279 2468; x_wconf 88' lang='lat' dir='ltr'>com·</span> 
     </span>
     <span class='ocr_line' id='line_1_21' title="bbox 165 2504 1279 2588; baseline 0.004 -22"><span class='ocrx_word' id='word_1_177' title='bbox 165 2505 331 2570; x_wconf 86' lang='lat' dir='ltr'>menterios</span> <span class='ocrx_word' id='word_1_178' title='bbox 353 2511 385 2570; x_wconf 91' lang='grc'>01</span> <span class='ocrx_word' id='word_1_179' title='bbox 408 2504 645 2570; x_wconf 87' lang='lat' dir='ltr'>dissertationes</span> <span class='ocrx_word' id='word_1_180' title='bbox 666 2505 782 2587; x_wconf 77' lang='lat' dir='ltr'>ubique</span> <span class='ocrx_word' id='word_1_181' title='bbox 803 2504 1030 2570; x_wconf 86' lang='lat' dir='ltr'>vocabulorum</span> <span class='ocrx_word' id='word_1_182' title='bbox 1053 2505 1279 2588; x_wconf 85' lang='lat' dir='ltr'>explicationes</span> 
     </span>
     <span class='ocr_line' id='line_1_22' title="bbox 163 2605 1279 2690; baseline 0.002 -20"><span class='ocrx_word' id='word_1_183' title='bbox 163 2605 231 2671; x_wconf 87' lang='lat' dir='ltr'>aliis</span> <span class='ocrx_word' id='word_1_184' title='bbox 263 2607 520 2672; x_wconf 89' lang='lat' dir='ltr'>adnotationibus</span> <span class='ocrx_word' id='word_1_185' title='bbox 547 2608 691 2672; x_wconf 87' lang='lat' dir='ltr'>intexuit.</span> <span class='ocrx_word' id='word_1_186' title='bbox 734 2608 851 2672; x_wconf 89' lang='lat' dir='ltr'>Postea</span> <span class='ocrx_word' id='word_1_187' title='bbox 877 2629 978 2690; x_wconf 87' lang='lat' dir='ltr'>neqve</span> <span class='ocrx_word' id='word_1_188' title='bbox 1004 2609 1050 2672; x_wconf 88' lang='lat' dir='ltr'>ita</span> <span class='ocrx_word' id='word_1_189' title='bbox 1077 2608 1176 2674; x_wconf 90' lang='lat' dir='ltr'>multo</span> <span class='ocrx_word' id='word_1_190' title='bbox 1205 2614 1279 2690; x_wconf 90' lang='lat' dir='ltr'>post</span> 
     </span>
     <span class='ocr_line' id='line_1_23' title="bbox 160 2709 1278 2792; baseline 0.004 -20"><span class='ocrx_word' id='word_1_191' title='bbox 160 2709 389 2788; x_wconf 86' lang='lat' dir='ltr'>Aristarchum,</span> <span class='ocrx_word' id='word_1_192' title='bbox 411 2716 447 2773; x_wconf 92' lang='lat' dir='ltr'>ut</span> <span class='ocrx_word' id='word_1_193' title='bbox 469 2710 591 2792; x_wconf 90' lang='lat' dir='ltr'>opinor,</span> <span class='ocrx_word' id='word_1_194' title='bbox 615 2710 675 2774; x_wconf 87' lang='lat' dir='ltr'>fuit</span> <span class='ocrx_word' id='word_1_195' title='bbox 696 2710 833 2792; x_wconf 82' lang='lat' dir='ltr'>quidam,</span> <span class='ocrx_word' id='word_1_196' title='bbox 856 2711 909 2792; x_wconf 88' lang='lat' dir='ltr'>qvi</span> <span class='ocrx_word' id='word_1_197' title='bbox 930 2711 989 2776; x_wconf 89' lang='lat' dir='ltr'>has</span> <span class='ocrx_word' id='word_1_198' title='bbox 1011 2710 1108 2792; x_wconf 86' lang='grc' dir='ltr'>λέξεις,</span> <span class='ocrx_word' id='word_1_199' title='bbox 1130 2712 1211 2775; x_wconf 92' lang='lat' dir='ltr'>haec</span> <span class='ocrx_word' id='word_1_200' title='bbox 1224 2733 1278 2776; x_wconf 89' lang='lat' dir='ltr'>vo·</span> 
     </span>
     <span class='ocr_line' id='line_1_24' title="bbox 159 2811 1277 2894; baseline 0.002 -18"><span class='ocrx_word' id='word_1_201' title='bbox 159 2811 274 2878; x_wconf 87' lang='lat' dir='ltr'>cabula</span> <span class='ocrx_word' id='word_1_202' title='bbox 308 2813 469 2894; x_wconf 86' lang='lat' dir='ltr'>explicata</span> <span class='ocrx_word' id='word_1_203' title='bbox 503 2819 535 2876; x_wconf 90' lang='lat' dir='ltr'>et</span> <span class='ocrx_word' id='word_1_204' title='bbox 562 2812 604 2876; x_wconf 89' lang='lat' dir='ltr'>ad</span> <span class='ocrx_word' id='word_1_205' title='bbox 631 2812 761 2876; x_wconf 87' lang='lat' dir='ltr'>Homeri</span> <span class='ocrx_word' id='word_1_206' title='bbox 790 2813 966 2878; x_wconf 90' lang='lat' dir='ltr'>carminum</span> <span class='ocrx_word' id='word_1_207' title='bbox 994 2812 1136 2877; x_wconf 90' lang='lat' dir='ltr'>ordinem</span> <span class='ocrx_word' id='word_1_208' title='bbox 1166 2813 1277 2878; x_wconf 88' lang='lat' dir='ltr'>decur-</span> 
     </span>
     <span class='ocr_line' id='line_1_25' title="bbox 157 2914 1276 2998; baseline 0.002 -19"><span class='ocrx_word' id='word_1_209' title='bbox 157 2916 271 2994; x_wconf 88' lang='lat' dir='ltr'>rentia,</span> <span class='ocrx_word' id='word_1_210' title='bbox 301 2935 319 2980; x_wconf 92' lang='grc'><strong>0</strong></span> <span class='ocrx_word' id='word_1_211' title='bbox 352 2915 587 2980; x_wconf 87' lang='lat' dir='ltr'>commentariis</span> <span class='ocrx_word' id='word_1_212' title='bbox 620 2917 787 2998; x_wconf 87' lang='lat' dir='ltr'>excerpsit,</span> <span class='ocrx_word' id='word_1_213' title='bbox 822 2914 958 2998; x_wconf 84' lang='lat' dir='ltr'>collegit,</span> <span class='ocrx_word' id='word_1_214' title='bbox 992 2935 1071 2997; x_wconf 91' lang='lat' dir='ltr'>opus</span> <span class='ocrx_word' id='word_1_215' title='bbox 1105 2915 1276 2998; x_wconf 84' lang='lat' dir='ltr'>singulare,</span> 
     </span>
     <span class='ocr_line' id='line_1_26' title="bbox 155 3017 1278 3102; baseline 0.001 -20"><span class='ocrx_word' id='word_1_216' title='bbox 155 3019 244 3088; x_wconf 88' lang='grc' dir='ltr'>λέξεις</span> <span class='ocrx_word' id='word_1_217' title='bbox 272 3017 468 3102; x_wconf 83' lang='grc' dir='ltr'>Ἀριστάρχου</span> <span class='ocrx_word' id='word_1_218' title='bbox 495 3018 692 3100; x_wconf 90' lang='lat' dir='ltr'>inscriptum,</span> <span class='ocrx_word' id='word_1_219' title='bbox 721 3018 829 3083; x_wconf 89' lang='lat' dir='ltr'>edidit.</span> <span class='ocrx_word' id='word_1_220' title='bbox 873 3017 998 3082; x_wconf 91' lang='lat' dir='ltr'>Primus</span> <span class='ocrx_word' id='word_1_221' title='bbox 1026 3017 1065 3082; x_wconf 90' lang='lat' dir='ltr'>de</span> <span class='ocrx_word' id='word_1_222' title='bbox 1092 3019 1153 3083; x_wconf 91' lang='lat' dir='ltr'>hoc</span> <span class='ocrx_word' id='word_1_223' title='bbox 1181 3039 1278 3101; x_wconf 91' lang='lat' dir='ltr'>opere</span> 
     </span>
     <span class='ocr_line' id='line_1_27' title="bbox 155 3119 1278 3205; baseline 0.001 -20"><span class='ocrx_word' id='word_1_224' title='bbox 155 3121 312 3205; x_wconf 85' lang='lat' dir='ltr'>Didymus</span> <span class='ocrx_word' id='word_1_225' title='bbox 334 3141 392 3186; x_wconf 90' lang='grc'>101</span> <span class='ocrx_word' id='word_1_226' title='bbox 414 3120 492 3185; x_wconf 86' lang='lat' dir='ltr'>facit</span> <span class='ocrx_word' id='word_1_227' title='bbox 514 3122 675 3185; x_wconf 90' lang='lat' dir='ltr'>certiores.</span> <span class='ocrx_word' id='word_1_228' title='bbox 721 3121 793 3184; x_wconf 85' lang='lat' dir='ltr'>Sch.</span> <span class='ocrx_word' id='word_1_229' title='bbox 816 3120 843 3183; x_wconf 92' lang='lat' dir='ltr'>B</span> <span class='ocrx_word' id='word_1_230' title='bbox 863 3123 925 3184; x_wconf 88' lang='grc'>435</span> <span class='ocrx_word' id='word_1_231' title='bbox 942 3119 1044 3205; x_wconf 77' lang='grc' dir='ltr'>μηκέτι</span> <span class='ocrx_word' id='word_1_232' title='bbox 1058 3124 1107 3183; x_wconf 79' lang='grc' dir='ltr'>νῦν</span> <span class='ocrx_word' id='word_1_233' title='bbox 1124 3119 1191 3205; x_wconf 78' lang='grc' dir='ltr'>δήθ’</span> <span class='ocrx_word' id='word_1_234' title='bbox 1209 3121 1278 3186; x_wconf 74' lang='grc' dir='ltr'>αὖθι</span> 
     </span>
     <span class='ocr_line' id='line_1_28' title="bbox 154 3221 1276 3310; baseline 0.004 -22"><span class='ocrx_word' id='word_1_235' title='bbox 154 3225 329 3310; x_wconf 75' lang='grc' dir='ltr'>λεγώμεθαε</span> <span class='ocrx_word' id='word_1_236' title='bbox 358 3225 452 3293; x_wconf 78' lang='grc' dir='ltr'>οὕτως</span> <span class='ocrx_word' id='word_1_237' title='bbox 479 3225 508 3286; x_wconf 87' lang='grc' dir='ltr'>αἱ</span> <span class='ocrx_word' id='word_1_238' title='bbox 534 3221 741 3308; x_wconf 78' lang='grc' dir='ltr'>Ἀριστάρχου·</span> <span class='ocrx_word' id='word_1_239' title='bbox 770 3223 858 3294; x_wconf 90' lang='grc' dir='ltr'>λέξεις</span> <span class='ocrx_word' id='word_1_240' title='bbox 885 3223 917 3285; x_wconf 80' lang='grc' dir='ltr'>ἐκ</span> <span class='ocrx_word' id='word_1_241' title='bbox 944 3227 995 3286; x_wconf 79' lang='grc' dir='ltr'>τοῦ</span> <span class='ocrx_word' id='word_1_242' title='bbox 1022 3221 1049 3286; x_wconf 88' lang='grc' dir='ltr'>Β</span> <span class='ocrx_word' id='word_1_243' title='bbox 1072 3229 1124 3308; x_wconf 81' lang='grc' dir='ltr'>τῆς</span> <span class='ocrx_word' id='word_1_244' title='bbox 1146 3223 1276 3293; x_wconf 77' lang='grc' dir='ltr'>Ἰλιάδος·</span> 
     </span>
     <span class='ocr_line' id='line_1_29' title="bbox 155 3325 1276 3413; baseline 0.001 -23"><span class='ocrx_word' id='word_1_245' title='bbox 155 3328 252 3412; x_wconf 76' lang='grc' dir='ltr'>δηθά</span> <span class='ocrx_word' id='word_1_246' title='bbox 283 3327 372 3392; x_wconf 77' lang='grc' dir='ltr'>πολὺν</span> <span class='ocrx_word' id='word_1_247' title='bbox 399 3329 515 3413; x_wconf 85' lang='grc' dir='ltr'>χρόνον,</span> <span class='ocrx_word' id='word_1_248' title='bbox 542 3325 627 3390; x_wconf 76' lang='grc' dir='ltr'>αὖθι</span> <span class='ocrx_word' id='word_1_249' title='bbox 654 3327 754 3402; x_wconf 81' lang='grc' dir='ltr'>αὐτοῦ,</span> <span class='ocrx_word' id='word_1_250' title='bbox 783 3326 976 3409; x_wconf 83' lang='grc' dir='ltr'>λεγώμεθα</span> <span class='ocrx_word' id='word_1_251' title='bbox 1004 3327 1276 3412; x_wconf 66' lang='grc' dir='ltr'>συναθροιξώμεθα.</span> 
     </span>
     <span class='ocr_line' id='line_1_30' title="bbox 155 3428 1277 3516; baseline 0.002 -24"><span class='ocrx_word' id='word_1_252' title='bbox 155 3431 170 3492; x_wconf 81' lang='grc' dir='ltr'>ὁ</span> <span class='ocrx_word' id='word_1_253' title='bbox 194 3431 229 3493; x_wconf 81' lang='grc' dir='ltr'>δὲ</span> <span class='ocrx_word' id='word_1_254' title='bbox 250 3429 336 3514; x_wconf 88' lang='grc' dir='ltr'>λόγος</span> <span class='ocrx_word' id='word_1_255' title='bbox 357 3434 494 3498; x_wconf 82' lang='grc' dir='ltr'>τοιοῦτος·</span> <span class='ocrx_word' id='word_1_256' title='bbox 519 3429 620 3514; x_wconf 81' lang='grc' dir='ltr'>μηκέτι</span> <span class='ocrx_word' id='word_1_257' title='bbox 640 3433 690 3493; x_wconf 81' lang='grc' dir='ltr'>νῦν</span> <span class='ocrx_word' id='word_1_258' title='bbox 713 3429 760 3492; x_wconf 81' lang='grc' dir='ltr'>ἐπὶ</span> <span class='ocrx_word' id='word_1_259' title='bbox 781 3429 871 3494; x_wconf 72' lang='grc' dir='ltr'>πολὺν</span> <span class='ocrx_word' id='word_1_260' title='bbox 893 3428 999 3514; x_wconf 83' lang='grc' dir='ltr'>χρόνον</span> <span class='ocrx_word' id='word_1_261' title='bbox 1020 3429 1110 3494; x_wconf 80' lang='grc' dir='ltr'>αὐτοῦ</span> <span class='ocrx_word' id='word_1_262' title='bbox 1126 3431 1277 3516; x_wconf 80' lang='grc' dir='ltr'>συνηθροι-</span> 
     </span>
     <span class='ocr_line' id='line_1_31' title="bbox 154 3531 1276 3618; baseline 0.003 -22"><span class='ocrx_word' id='word_1_263' title='bbox 154 3533 256 3617; x_wconf 83' lang='grc' dir='ltr'>σμένοι</span> <span class='ocrx_word' id='word_1_264' title='bbox 284 3532 426 3618; x_wconf 83' lang='grc' dir='ltr'>μένωμεν.</span> <span class='ocrx_word' id='word_1_265' title='bbox 472 3532 521 3616; x_wconf 88' lang='lat' dir='ltr'>(L.</span> <span class='ocrx_word' id='word_1_266' title='bbox 550 3533 604 3595; x_wconf 89' lang='lat' dir='ltr'>Ar.</span> <span class='ocrx_word' id='word_1_267' title='bbox 636 3535 719 3616; x_wconf 88' lang='grc'><strong>156).</strong></span> <span class='ocrx_word' id='word_1_268' title='bbox 764 3531 814 3596; x_wconf 87' lang='lat' dir='ltr'>Ex</span> <span class='ocrx_word' id='word_1_269' title='bbox 839 3532 888 3596; x_wconf 85' lang='lat' dir='ltr'>his</span> <span class='ocrx_word' id='word_1_270' title='bbox 915 3531 1000 3597; x_wconf 87' lang='lat' dir='ltr'>ultro</span> <span class='ocrx_word' id='word_1_271' title='bbox 1027 3532 1140 3610; x_wconf 85' lang='lat' dir='ltr'>elucet,</span> <span class='ocrx_word' id='word_1_272' title='bbox 1169 3533 1276 3616; x_wconf 85' lang='lat' dir='ltr'>qvales</span> 
     </span>
     <span class='ocr_line' id='line_1_32' title="bbox 153 3635 1277 3718; baseline 0 -18"><span class='ocrx_word' id='word_1_273' title='bbox 153 3635 217 3701; x_wconf 90' lang='lat' dir='ltr'>hae</span> <span class='ocrx_word' id='word_1_274' title='bbox 239 3635 328 3706; x_wconf 87' lang='grc' dir='ltr'>λέξεις</span> <span class='ocrx_word' id='word_1_275' title='bbox 347 3635 505 3718; x_wconf 89' lang='lat' dir='ltr'>principio</span> <span class='ocrx_word' id='word_1_276' title='bbox 529 3635 655 3700; x_wconf 85' lang='lat' dir='ltr'>fuerint.</span> <span class='ocrx_word' id='word_1_277' title='bbox 678 3636 736 3716; x_wconf 85' lang='lat' dir='ltr'>,At</span> <span class='ocrx_word' id='word_1_278' title='bbox 757 3657 820 3700; x_wconf 90' lang='lat' dir='ltr'>non</span> <span class='ocrx_word' id='word_1_279' title='bbox 842 3635 989 3699; x_wconf 84' lang='lat' dir='ltr'>videntur</span> <span class='ocrx_word' id='word_1_280' title='bbox 1010 3636 1072 3700; x_wconf 88' lang='lat' dir='ltr'>hac</span> <span class='ocrx_word' id='word_1_281' title='bbox 1093 3636 1163 3717; x_wconf 89' lang='lat' dir='ltr'>ipsa</span> <span class='ocrx_word' id='word_1_282' title='bbox 1184 3636 1277 3700; x_wconf 91' lang='lat' dir='ltr'>indu·</span> 
     </span>
     <span class='ocr_line' id='line_1_33' title="bbox 154 3737 1275 3822; baseline 0 -20"><span class='ocrx_word' id='word_1_283' title='bbox 154 3743 210 3802; x_wconf 92' lang='lat' dir='ltr'>tae</span> <span class='ocrx_word' id='word_1_284' title='bbox 242 3739 357 3820; x_wconf 89' lang='lat' dir='ltr'>specie,</span> <span class='ocrx_word' id='word_1_285' title='bbox 386 3758 478 3822; x_wconf 87' lang='lat' dir='ltr'>qvam</span> <span class='ocrx_word' id='word_1_286' title='bbox 506 3737 660 3822; x_wconf 85' lang='lat' dir='ltr'>Didymus</span> <span class='ocrx_word' id='word_1_287' title='bbox 687 3744 719 3802; x_wconf 92' lang='lat' dir='ltr'>et</span> <span class='ocrx_word' id='word_1_288' title='bbox 745 3738 813 3802; x_wconf 91' lang='lat' dir='ltr'>sine</span> <span class='ocrx_word' id='word_1_289' title='bbox 841 3737 938 3801; x_wconf 90' lang='lat' dir='ltr'>dubio</span> <span class='ocrx_word' id='word_1_290' title='bbox 965 3737 1151 3818; x_wconf 88' lang='lat' dir='ltr'>Pamphilus</span> <span class='ocrx_word' id='word_1_291' title='bbox 1179 3739 1275 3802; x_wconf 91' lang='lat' dir='ltr'>etiam</span> 
     </span>
     <span class='ocr_line' id='line_1_34' title="bbox 155 3839 1276 3923; baseline 0.003 -21"><span class='ocrx_word' id='word_1_292' title='bbox 155 3846 322 3914; x_wconf 82' lang='lat' dir='ltr'>noverunt,</span> <span class='ocrx_word' id='word_1_293' title='bbox 345 3839 387 3904; x_wconf 90' lang='lat' dir='ltr'>ad</span> <span class='ocrx_word' id='word_1_294' title='bbox 408 3841 592 3923; x_wconf 84' lang='lat' dir='ltr'>posteriora</span> <span class='ocrx_word' id='word_1_295' title='bbox 607 3861 705 3922; x_wconf 87' lang='lat' dir='ltr'>usqve</span> <span class='ocrx_word' id='word_1_296' title='bbox 727 3839 855 3905; x_wconf 85' lang='lat' dir='ltr'>saecula</span> <span class='ocrx_word' id='word_1_297' title='bbox 875 3839 1066 3921; x_wconf 88' lang='lat' dir='ltr'>perdurasse</span> <span class='ocrx_word' id='word_1_298' title='bbox 1088 3840 1276 3906; x_wconf 76' lang='lat' dir='ltr'>sed&#39;eodem</span> 
     </span>
    </p>
   </div>
   <div class='ocr_carea' id='block_1_3' title="bbox 155 3938 1277 4336">
    <p class='ocr_par' dir='ltr' id='par_1_5' title="bbox 155 3938 1277 4336">
     <span class='ocr_line' id='line_1_35' title="bbox 155 3938 1276 4030; baseline 0.003 -25"><span class='ocrx_word' id='word_1_299' title='bbox 155 3941 223 4007; x_wconf 82' lang='lat' dir='ltr'>lere</span> <span class='ocrx_word' id='word_1_300' title='bbox 245 3949 398 4025; x_wconf 91' lang='lat' dir='ltr'>tempore,</span> <span class='ocrx_word' id='word_1_301' title='bbox 422 3963 482 4026; x_wconf 87' lang='lat' dir='ltr'>qvo</span> <span class='ocrx_word' id='word_1_302' title='bbox 504 3943 639 4026; x_wconf 82' lang='lat' dir='ltr'>Longini</span> <span class='ocrx_word' id='word_1_303' title='bbox 659 3962 780 4026; x_wconf 87' lang='lat' dir='ltr'>qvoqve</span> <span class='ocrx_word' id='word_1_304' title='bbox 795 3944 860 4028; x_wconf 87' lang='grc' dir='ltr'>περὶ</span> <span class='ocrx_word' id='word_1_305' title='bbox 874 3946 931 4004; x_wconf 85' lang='grc' dir='ltr'>τῶν</span> <span class='ocrx_word' id='word_1_306' title='bbox 946 3942 1025 4026; x_wconf 80' lang='grc' dir='ltr'>παρὰ</span> <span class='ocrx_word' id='word_1_307' title='bbox 1036 3938 1165 4030; x_wconf 58' lang='grc' dir='ltr'>(Ομήριρ</span> <span class='ocrx_word' id='word_1_308' title='bbox 1181 3945 1276 4008; x_wconf 81' lang='grc' dir='ltr'>πολλὰ</span> 
     </span>
     <span class='ocr_line' id='line_1_36' title="bbox 156 4043 1277 4131; baseline 0.003 -23"><span class='ocrx_word' id='word_1_309' title='bbox 156 4043 359 4131; x_wconf 66' lang='lat' dir='ltr'>superspector</span> <span class='ocrx_word' id='word_1_310' title='bbox 382 4043 487 4114; x_wconf 86' lang='grc' dir='ltr'>λέξεων</span> <span class='ocrx_word' id='word_1_311' title='bbox 510 4083 550 4093; x_wconf 99' lang='grc'>-</span> <span class='ocrx_word' id='word_1_312' title='bbox 574 4081 613 4092; x_wconf 83' lang='grc'>--</span> <span class='ocrx_word' id='word_1_313' title='bbox 638 4044 824 4126; x_wconf 88' lang='lat' dir='ltr'>opusculum</span> <span class='ocrx_word' id='word_1_314' title='bbox 847 4043 981 4108; x_wconf 90' lang='lat' dir='ltr'>formam</span> <span class='ocrx_word' id='word_1_315' title='bbox 1005 4051 1128 4110; x_wconf 89' lang='lat' dir='ltr'>mutare</span> <span class='ocrx_word' id='word_1_316' title='bbox 1139 4045 1277 4130; x_wconf 84' lang='lat' dir='ltr'>jubeba-</span> 
     </span>
     <span class='ocr_line' id='line_1_37' title="bbox 157 4146 1276 4230; baseline 0.001 -19"><span class='ocrx_word' id='word_1_317' title='bbox 157 4152 211 4212; x_wconf 91' lang='lat' dir='ltr'>tur</span> <span class='ocrx_word' id='word_1_318' title='bbox 237 4185 279 4195; x_wconf 89' lang='lat'>-</span> <span class='ocrx_word' id='word_1_319' title='bbox 306 4183 347 4194; x_wconf 86' lang='lat'><em>-</em></span> <span class='ocrx_word' id='word_1_320' title='bbox 374 4153 504 4212; x_wconf 86' lang='lat' dir='ltr'>auctore</span> <span class='ocrx_word' id='word_1_321' title='bbox 536 4147 642 4212; x_wconf 90' lang='lat' dir='ltr'>nescio</span> <span class='ocrx_word' id='word_1_322' title='bbox 675 4167 735 4230; x_wconf 89' lang='lat' dir='ltr'>qvo</span> <span class='ocrx_word' id='word_1_323' title='bbox 762 4146 902 4211; x_wconf 88' lang='lat' dir='ltr'>induisse</span> <span class='ocrx_word' id='word_1_324' title='bbox 932 4147 1111 4212; x_wconf 88' lang='lat' dir='ltr'>dictionarii</span> <span class='ocrx_word' id='word_1_325' title='bbox 1138 4150 1276 4230; x_wconf 90' lang='lat' dir='ltr'>speciem</span> 
     </span>
     <span class='ocr_line' id='line_1_38' title="bbox 157 4249 1275 4336; baseline 0.003 -23"><span class='ocrx_word' id='word_1_326' title='bbox 157 4251 232 4315; x_wconf 84' lang='grc' dir='ltr'>κατὰ</span> <span class='ocrx_word' id='word_1_327' title='bbox 258 4253 399 4336; x_wconf 79' lang='grc' dir='ltr'>στοιχεῖον</span> <span class='ocrx_word' id='word_1_328' title='bbox 429 4251 604 4334; x_wconf 89' lang='lat' dir='ltr'>compositi,</span> <span class='ocrx_word' id='word_1_329' title='bbox 631 4250 716 4316; x_wconf 86' lang='lat' dir='ltr'>unde</span> <span class='ocrx_word' id='word_1_330' title='bbox 738 4249 778 4315; x_wconf 91' lang='lat' dir='ltr'>de</span> <span class='ocrx_word' id='word_1_331' title='bbox 799 4249 968 4333; x_wconf 85' lang='lat' dir='ltr'>cujuslibet</span> <span class='ocrx_word' id='word_1_332' title='bbox 991 4250 1136 4315; x_wconf 86' lang='lat' dir='ltr'>vocabuli</span> <span class='ocrx_word' id='word_1_333' title='bbox 1158 4251 1275 4316; x_wconf 91' lang='lat' dir='ltr'>Home·</span> 
     </span>
    </p>
   </div>
   <div class='ocr_carea' id='block_1_4' title="bbox 0 0 1558 4870">
    <p class='ocr_par' dir='ltr' id='par_1_6' title="bbox 0 0 1558 4870">
     <span class='ocr_line' id='line_1_39' title="bbox 0 0 1558 4870; baseline 0 0"><span class='ocrx_word' id='word_1_334' title='bbox 0 0 1558 4870; x_wconf 95' lang='lat' dir='ltr'> </span> 
     </span>
    </p>
   </div>
  </div>
 </body>
</html>
