3108 4870
1206 391 1246 450 77

158 569 243 636 dem.
288 567 371 634 Nam
395 590 467 634 cum
489 569 519 634 N
543 573 605 633 799
628 568 745 636 fluctus
766 571 883 654 κύματα
905 572 1112 657 φαληριόωντα
1127 571 1290 656 (Αρυὶὶοιι.

157 671 402 752 λευκανθίζοντα)
426 671 584 749 dicantur,
606 671 660 736 hic
681 692 756 736 vero
779 672 872 755 nigri,
895 672 967 737 ideo
988 673 1133 738 nonnulli
1149 675 1291 755 quaesie-

157 779 245 851 runt,
269 772 470 854 quomododo
492 771 608 838 fluctus
630 773 715 856 nigri
736 773 894 855 iidemque
917 773 983 839 albi
1005 795 1025 838 a
1045 780 1143 856 poeta
1158 775 1221 840 dici
1234 796 1292 857 po·

158 877 307 942 tuissent.
352 874 416 959 (Ol.
445 875 539 956 Toll.)
569 874 671 940 Solvit
692 875 840 957 Apollon.
865 877 1138 959 qvaeetiunculam
1160 897 1293 959 respon·

159 977 277 1056 dendo,
305 977 338 1041 τὸ
367 981 476 1063 φαληρ.
504 998 569 1041 non
597 997 666 1042 esse
693 977 803 1042 album
831 978 889 1042 sed
912 978 1066 1059 albicans,
1089 978 1172 1061 qvod
1194 979 1293 1061 igitur

159 1100 226 1144 non
250 1079 335 1143 omni
358 1099 375 1144 e
398 1083 491 1162 parte
513 1078 623 1142 album
645 1079 696 1156 sit,
718 1079 752 1142 id
775 1080 872 1144 etiam
894 1081 1080 1162 nigrescens
1103 1081 1166 1144 dici
1188 1099 1291 1162 posse.

158 1181 210 1246 Cf.
238 1181 386 1246 Euetath.
416 1183 487 1259 732,
515 1182 567 1245 30.
595 1217 637 1228 -
665 1181 819 1246 Extrema
842 1191 949 1246 antem
973 1182 1100 1248 articuli
1123 1203 1200 1264 pars
1222 1183 1294 1246 Ari·

161 1283 285 1348 starchi
302 1289 360 1349 est.
382 1281 444 1346 Hie
461 1282 545 1348 enim
562 1281 681 1359 docuit,
697 1287 734 1345 ut
749 1283 919 1368 ταλαύρινον
937 1290 970 1348 81
986 1287 1149 1369 τανυήκεας
1165 1282 1293 1369 (ὄζους),

160 1386 211 1452 sic
232 1385 329 1450 etiam
351 1388 458 1450 κελαιν.
481 1384 515 1448 in
536 1387 598 1448 κελ.
622 1384 694 1468 alpe
715 1385 911 1467 paragogice
932 1405 1002 1449 esse
1023 1383 1134 1449 fictum
1151 1386 1183 1448 h.
1206 1406 1233 1450 c.
1250 1384 1295 1449 sl-

162 1493 269 1552 teram
304 1485 543 1568 compositionis
569 1473 697 1568 'partem
724 1506 789 1550 non
817 1484 1009 1569 significare,
1037 1486 1094 1550 sed
1121 1487 1155 1550 in
1181 1488 1295 1550 κύδιστε

164 1589 282 1674 μέγιστε
308 1586 478 1672 κελαινεφές
506 1587 718 1669 compositum
746 1607 825 1652 esse.
869 1586 942 1652 Vid.
971 1588 1031 1669 Ap.
1059 1586 1120 1651 lex.
1143 1588 1294 1672 τανύηκες.

163 1691 206 1756 cl.
229 1689 328 1756 schol.
351 1687 380 1752 ll
403 1693 475 1754 768.
499 1689 527 1752 Ε
550 1692 623 1752 289.
646 1688 748 1752 Lehrs
770 1689 825 1754 Ar.
848 1709 880 1771 p.
905 1693 977 1752 309.

268 1791 403 1859 κεστός.
427 1814 467 1850 =
491 1790 590 1855 schol.
613 1789 643 1854 N
667 1794 717 1854 28.
742 1789 765 1854 Ξ
790 1794 861 1854 214.
907 1791 1008 1856 Lahrs
1030 1793 1085 1856 Ar.
1112 1795 1182 1856 193.

269 1893 437 1976 κλητυύς.
461 1916 502 1954 =
524 1891 624 1957 schol.
647 1891 663 1956 I
689 1895 760 1956 165.

269 1996 393 2060 κλύειν
415 1995 476 2060 vid.
501 1995 574 2058 ἀΐυν.

270 2100 422 2180 κληῖδας
444 2133 485 2144 ·-
507 2133 550 2144 -
572 2097 621 2158 καὶ
644 2097 763 2178 κληῗδες
785 2099 815 2158 αὶ
836 2095 935 2179 θύραι,
958 2095 1038 2180 παρὰ
1054 2097 1085 2158 τὸ
1104 2095 1299 2160 ἐπικλίνεσθαι

166 2198 203 2284 [1.
227 2198 431 2278 ἐπικλείεσθαι,
453 2197 616 2281 Hesych.],
639 2197 715 2260 καθύ
738 2217 824 2282 φησιν
847 2196 981 2280 ῃεύκληῖς
1003 2199 1138 2282 ἀραρυῖαι
1160 2196 1199 2281 (Ω
1222 2200 1297 2284 318)

166 2306 230 2370 ταῖς
256 2301 361 2364 κλεισὶν
389 2298 582 2384 ἡρμοσμένοι
631 2298 721 2363 Haec
749 2320 821 2362 cum
850 2319 945 2363 sensu
974 2305 1116 2378 careant,
1146 2305 1299 2383 corrupta

165 2423 238 2470 esse
259 2403 422 2482 videntum
447 2401 561 2483 quibus
583 2406 690 2466 tamen
713 2400 885 2483 adjuvante
906 2401 1028 2466 scholio
1050 2401 1175 2467 medela
1190 2404 1300 2484 parari

167 2505 297 2589 poterit.
341 2504 367 2570 Ω
397 2508 458 2568 318
486 2506 506 2588 ἡ
535 2505 561 2566 δ.
591 2502 635 2566 ὅτι
662 2503 782 2566 δύναται
808 2504 856 2566 καὶ
881 2502 957 2566 κατὰ
986 2503 1118 2567 σύνθεσιν
1142 2503 1299 2589 εύκλήις,

167 2607 390 2684 εύεπίκλειστος,
418 2607 511 2691 χωρὶς
538 2605 571 2668 δὲ
598 2609 650 2668 τού
678 2606 813 2690 ἀραρυῖα.
842 2605 962 2668 δύναται
989 2607 1022 2668 δὲ
1049 2607 1097 2669 καὶ
1119 2605 1194 2668 κατὰ
1216 2627 1300 2670 συνα-

166 2713 285 2796 λυιφήν,
313 2708 346 2774 ct
374 2714 435 2776 ταῖς
461 2711 566 2772 κλεισὶν
595 2708 730 2792 ἀραρυῖα.
775 2706 869 2770 Unde
900 2707 999 2789 liquet
1022 2707 1181 2789 duplicem
1204 2708 1301 2774 fuisse

168 2813 265 2895 hujus
292 2813 354 2876 loci
376 2812 555 2888 lectionem,
579 2809 661 2874 alios
681 2810 780 2894 igitur
802 2809 931 2891 legisse:
962 2809 1068 2893 (θύρη)
1092 2809 1209 2894 εδκλήις
1231 2811 1301 2894 ἀρα-

169 2919 247 3000 ρυῖα,
263 2913 344 2979 alios
359 2914 411 2998 (ut
425 2912 652 2995 Tryphoneml:
670 2910 703 2974 εύ
718 2909 807 2994 κληῗς’
822 2911 956 2994 ἀραρυῖα.
970 2909 1143 2993 Utriusque
1154 2911 1301 2978 lectionis

169 3016 268 3081 eliam
291 3015 332 3079 ab
356 3013 526 3096 Apollonio
548 3012 724 3095 primordio
747 3013 939 3076 mentionem
963 3012 1082 3077 factam
1105 3013 1212 3094 fuisse,
1227 3013 1302 3079 inde

169 3123 318 3200 apparet,
342 3117 426 3199 qvod
448 3116 538 3198 prior
559 3114 711 3192 traditur,
735 3116 854 3178 omissa
876 3113 1098 3196 explicatione,
1122 3115 1225 3180 altera
1248 3136 1302 3180 ex·

170 3219 323 3301 plicatur,
347 3218 465 3284 omissa
481 3218 554 3300 ipsa
570 3216 715 3282 lectione.
749 3215 860 3297 Itaque
876 3215 909 3280 in
926 3216 1011 3280 hanc
1028 3217 1094 3282 lere
1111 3217 1303 3282 sententiam

37 3331 43 3342 ’
170 3320 328 3386 articulus
357 3319 520 3384 emendari
547 3319 680 3401 poterit:
709 3319 757 3380 καὶ
784 3319 901 3400 κληῖδας
929 3319 959 3380 αἱ
980 3317 1070 3402 θύραι
1091 3317 1217 3402 (malim
1240 3318 1303 3382 εύκ-

170 3425 237 3508 λήις
258 3426 278 3507 ἡ
302 3422 404 3506 θύρα),
428 3421 507 3506 παρὰ
529 3418 561 3484 τδ
586 3420 788 3500 ἐπικλείεσθαι,
810 3420 885 3484 καθύ
901 3441 986 3504 φησιν
1003 3421 1136 3506 ἱ,εύκλήϊς
1151 3421 1303 3506 ἀραρυῖα,“

172 3528 192 3609 ἠ
216 3525 439 3592 εύεπίκλειστυς.
452 3522 573 3588 -ἔνιοι
594 3524 627 3586 δὲ
649 3523 699 3603 ,et
721 3521 814 3605 κληῖά
840 3525 991 3607 ἀραρυῖα,“
1015 3524 1076 3592 ταῖς
1090 3527 1195 3588 κλεισὶν
1212 3529 1303 3610 ἡρμο-

171 3627 276 3712 σρένη.
323 3627 385 3710 (De
413 3633 548 3692 accentu
575 3625 701 3711 εδκλήϊς,
729 3646 794 3690 non
821 3625 937 3709 εὐκληὶς
965 3625 1027 3690 vid.
1072 3627 1176 3710 Etym.
1206 3627 1249 3690 M.
1278 3647 1302 3692 8.

172 3726 328 3814 Κληῖδες.)

277 3830 455 3914 κοιμηθέντι.
480 3854 519 3890 =
543 3829 642 3894 schol.
687 3827 712 3892 Θ
735 3833 808 3892 482.
854 3828 955 3892 Lehrs
977 3829 1032 3892 Ar.
1058 3832 1128 3892 114.

277 3933 374 4000 κόνις
402 3935 421 4016 ἡ
450 3931 551 4000 πεδιὰς
580 3931 704 4016 [ἀμμοςε
733 3930 817 3994 addo
845 3950 862 3994 8
890 3928 1002 4013 schol]
1032 3928 1147 4012 λέγεται
1173 3955 1199 3994 κ.
1229 3935 1249 4016 ἡ
1274 3932 1307 3996 ἐκ

173 4035 283 4120 τέφρας
311 4033 427 4102 σποδός.
455 4036 503 4096 καὶ
530 4038 582 4096 τοῦ
611 4033 662 4117 μὶν
690 4033 833 4117 προτέρου
857 4032 927 4116 [001
949 4052 1028 4114 prae
1050 4037 1101 4096 τοῦ
1126 4059 1155 4119 μ.
1179 4058 1227 4120 πρ.
1250 4035 1306 4100 ad-

175 4137 316 4204 dendum
345 4137 404 4213 ἐπὶ,
433 4142 490 4202 aut
516 4136 597 4200 haec
625 4133 724 4200 verba
750 4135 783 4198 in
811 4135 843 4197 τὶ
872 4159 902 4217 μ.
931 4134 1070 4220 πρότερον
1094 4137 1306 4222 emendanda]
1340 4125 1341 4130 ’

174 4239 228 4304 cit.
262 4239 279 4302 I
313 4241 386 4316 385,
414 4239 447 4302 τὶ
475 4237 508 4300 δὲ
534 4237 651 4321 ὕστερον
680 4235 703 4299 Σ
733 4240 783 4300 23.
829 4234 915 4312 Quae
942 4257 1017 4302 vero
1045 4237 1118 4302 inde
1145 4239 1308 4321 excipiunt
