3108 4870
326 342 385 400 112

377 523 559 608 Ὄλυμπος
585 527 657 594 τινὲς
688 523 756 610 ὅρος
786 524 977 594 Μακεδονίας.
1021 525 1139 592 Tollius
1171 527 1231 592 ait:
1260 525 1394 608 ις(λλοοοοι

275 635 385 694 λοιπον
406 629 477 711 ipsa
498 626 547 692 vel
562 627 708 692 mutilata
722 627 772 692 vel
786 629 827 693 ab
842 628 989 710 imperito
1004 627 1233 710 interpolatore
1248 628 1395 711 profecta
1511 679 1512 704 2

274 731 410 796 videtur.
455 728 612 794 Stolidum
634 731 717 794 enim
740 729 836 796 fuerit
857 751 923 795 rem
947 731 1154 796 certissimam
1177 739 1209 794 et
1225 731 1394 815 pervulga-

276 840 353 912 tam,
376 833 546 916 Olympum
569 831 666 898 fuisse
687 839 826 898 montem
849 832 1064 910 Macedoniae,
1085 833 1131 898 ita
1152 854 1341 916 proponere,
1357 841 1396 898 ut

276 936 419 1002 aoaauttt
439 940 564 1000 tantum
587 937 745 1000 censuisse
759 935 926 1000 videantur
940 973 982 984 -
999 973 1037 984 -
1054 935 1114 1001 nisi
1129 937 1162 998 in
1177 937 1302 1018 integra
1318 935 1393 1000 olim

273 1039 383 1122 glossa
409 1043 514 1103 certus
541 1037 669 1120 qvidam
697 1037 872 1118 explicatus
899 1038 995 1103 fuerit
1022 1037 1120 1116 locus,
1147 1039 1180 1102 in
1203 1059 1262 1120 qvo
1286 1037 1395 1122 Olym-

276 1162 353 1222 pum
375 1139 429 1206 alii
453 1161 512 1223 pro
535 1139 623 1204 coelo
646 1141 838 1223 acciperent,
854 1139 909 1204 alii
924 1146 1028 1205 autem
1045 1161 1104 1222 pro
1120 1147 1252 1205 monte.“
1285 1141 1395 1222 Neque

275 1264 350 1308 vero
378 1247 455 1324 puto
482 1243 514 1306 in
542 1242 667 1324 integra
694 1242 768 1307 olim
796 1241 901 1325 glossa
931 1249 1051 1306 certum
1078 1263 1265 1326 quemquam
1287 1243 1393 1307 locum

276 1352 464 1426 respectum,
498 1343 554 1407 sed
585 1364 676 1407 usum
708 1344 802 1427 hujus
833 1345 919 1408 vocis
950 1344 1153 1410 Homericum
1187 1343 1390 1427 explanatum

276 1447 382 1512 fuisse.
426 1445 591 1511 Excidisse
617 1453 723 1512 tamen
751 1445 903 1511 nonnulla
929 1445 1065 1512 libenter
1087 1446 1269 1512 concedam.
1315 1446 1385 1511 Cum

275 1549 357 1614 enim
380 1549 456 1614 Hes·
478 1548 610 1614 habeat:
641 1548 771 1634 οὐρανός,
800 1549 873 1612 θεοῦ
895 1549 1059 1634 οἰκητήριον
1081 1551 1130 1612 καὶ
1152 1546 1220 1634 ὄρος
1242 1549 1271 1612 ἐν
1295 1547 1388 1622 Μακε-

276 1653 364 1736 δονίᾳ,
392 1651 438 1715 sic
464 1650 531 1716 fera
556 1650 759 1732 Apollonium
787 1650 862 1714 olim
888 1651 1037 1716 habuisse
1062 1653 1217 1733 putarim:
1245 1643 1318 1719 aruir
1341 1652 1390 1735 μὲν

275 1754 335 1816 τὸν
351 1752 483 1838 οὐρανόν,
512 1753 584 1820 τινὲς
611 1753 644 1815 δὲ
671 1753 703 1815 τὸ
731 1749 798 1836 ’ὄρος
824 1751 865 1816 Μ.
888 1791 930 1800 -
951 1753 1103 1816 Aristum
1125 1753 1292 1836 permultis
1313 1753 1393 1817 locis

271 1855 446 1920 adnotasse
473 1854 643 1939 Olympum
671 1855 757 1937 apud
784 1855 877 1919 Hom.
905 1860 1044 1919 montem
1072 1877 1149 1934 esse,
1172 1877 1235 1921 non
1258 1855 1392 1932 coelum,
1511 1909 1512 1916 ,

275 1979 339 2024 non
361 1958 514 2041 estquod
537 1978 691 2023 moneam.
735 1957 770 2022 L.
793 1958 848 2022 Ar.
875 1961 934 2020 165
958 1979 1028 2041 sqq.

377 2061 528 2146 οὐρανός
550 2061 565 2124 ὁ
588 2061 845 2146 κατεστηριγμένος
873 2067 929 2130 πᾶς
951 2061 1047 2131 τόπος.
1086 2062 1277 2128 Concinnius
1292 2062 1392 2127 schol.

275 2164 299 2228 Ξ
323 2168 383 2228 288
406 2167 426 2249 ἡ
450 2166 475 2228 δ.
500 2163 526 2227 ὅ.
549 2162 615 2228 καθ’
636 2159 771 2249 Ὅμηρον
795 2165 852 2249 ἀήρ
875 2165 890 2227 ὁ
913 2165 970 2227 ἀπὸ
992 2171 1047 2250 γῆς
1069 2169 1155 2249 μέχρι
1175 2169 1270 2250 νεφῶν
1294 2163 1390 2234 τόπος·
1511 2167 1512 2176 ’

269 2269 290 2330 ὁ
319 2268 352 2330 δὲ
379 2269 451 2352 ὑπὲρ
479 2267 514 2330 τὰ
540 2267 613 2352 νέφη
641 2267 728 2336 τόπος
754 2267 843 2352 αἰθὴρ
865 2292 892 2330 ιι.
915 2269 1080 2352 ὁμωνύμως
1101 2275 1142 2355 τῷ
1165 2269 1322 2354 στερεμνίῳ
1345 2267 1392 2331 οἰν-

275 2369 370 2454 ρανός.
398 2371 442 2433 διὸ
470 2370 506 2432 τὰ
532 2369 606 2455 νέφη
633 2370 711 2453 λέγει
732 2371 825 2440 πύλας
847 2371 981 2456 οὐρανοῦ.
1025 2371 1106 2436 Item
1129 2372 1157 2434 A
1178 2374 1241 2434 497
1265 2375 1337 2434 cett.
1361 2391 1389 2432 ν.

274 2472 308 2538 L.
332 2473 386 2536 Ar.
411 2475 480 2538 164.
504 2472 626 2557 οὐρανός
646 2474 744 2557 igitur
764 2472 998 2539 firmamentum
1021 2474 1101 2538 coeli
1124 2474 1262 2538 arctiore
1284 2493 1388 2537 sensu.

271 2575 332 2639 Cui
358 2576 613 2658 interpretationi
637 2575 775 2657 eleganti
796 2577 823 2640 si
845 2575 938 2640 lexici
960 2575 1098 2658 glossam
1121 2575 1302 2652 contuleris,
1325 2573 1392 2638 val-

272 2677 314 2743 de
336 2678 425 2744 exilis
448 2683 479 2742 et
495 2677 633 2742 obscura
646 2678 727 2743 haec
742 2676 921 2760 apparebit,
936 2677 1033 2743 immo
1050 2678 1090 2744 ab
1106 2683 1292 2761 excerptore
1306 2675 1391 2742 male

273 2781 392 2864 habita.
438 2780 540 2858 Qvare
567 2781 701 2846 Villoiso
728 2781 825 2846 scribi
842 2781 950 2865 jussit,
973 2781 1056 2864 qvod
1077 2781 1176 2846 habet
1197 2781 1281 2857 Hes,
1303 2803 1391 2863 κατη·
1511 2849 1512 2852 ¹

274 2883 455 2968 οτερισμένος
477 2904 622 2967 „esseqve
644 2884 705 2948 hoc
726 2883 826 2948 multo
849 2883 970 2963 melius,
994 2906 1065 2948 cum
1080 2884 1202 2970 οὐρανὸν
1217 2882 1391 2968 ἀστερόεντα

274 2987 455 3068 respiceret,
483 2986 605 3051 coelum
634 2987 733 3052 stellis
760 2987 945 3052 ardentibus
973 2994 1084 3069 aptum
1112 3035 1119 3050 .
1143 2989 1168 3050 .“
1192 2986 1225 3050 Si
1247 3006 1319 3052 vero
1341 2987 1391 3049 vir

274 3089 332 3154 cel.
355 3087 422 3152 Ani
441 3089 735 3170 interpretationem
756 3090 962 3172 cognovisset,
978 3090 1029 3154 vix
1044 3089 1212 3172 qvidqvam
1227 3093 1390 3154 mutasset.

273 3192 355 3258 Nam
384 3191 464 3254 illud
492 3192 749 3277 κατεστηριγμένος
771 3193 807 3276 (α
827 3192 1040 3278 καταστηρίζω)
1065 3213 1136 3257 cum
1158 3191 1323 3276 στερέμνιος
1344 3189 1391 3256 af-

269 3296 395 3362 finitate
422 3316 491 3361 erse
519 3295 721 3377 conjunctum
749 3301 853 3378 patet:
882 3302 956 3360 aunt
977 3296 1060 3360 euim
1082 3295 1194 3360 affines
1215 3315 1309 3360 voces
1330 3314 1387 3358 στε-

273 3399 386 3484 ρέμνιος
408 3404 439 3474 et
461 3397 592 3482 στερεός;
616 3418 703 3481 ergo,
726 3419 799 3462 cum
821 3419 841 3462 a
862 3398 980 3484 στερεός
1002 3404 1105 3463 ortum
1129 3399 1171 3462 sit
1189 3399 1324 3483 στηρίζω,
1339 3418 1385 3459 κοι-

268 3523 439 3589 τασιηριημ.
462 3501 550 3569 τόπος
572 3507 620 3566 est
641 3501 731 3567 locus
752 3501 862 3566 fulcris
884 3503 1011 3566 innixus
1032 3501 1082 3567 vel
1105 3500 1262 3580 firmatus,
1284 3501 1386 3566 firma-

271 3612 411 3673 mentum
433 3605 454 3668 i.
478 3625 504 3668 e.
527 3603 700 3688 στερέμνιον.
748 3603 809 3686 (cf.
832 3603 919 3668 Ourt.
942 3605 994 3668 Et.
1017 3606 1030 3650 ⁵
1054 3605 1140 3685 213).
1184 3603 1390 3668 Posteavero

268 3708 378 3791 glossa
403 3705 562 3790 Apollonii
592 3726 655 3770 non
679 3705 749 3787 jam
776 3706 1060 3786 recteintellecta,
1088 3727 1149 3771 vox
1170 3705 1228 3770 illa
1249 3708 1282 3770 in
1304 3727 1390 3788 κατη-

267 3810 453 3896 οτεριομένος
480 3809 521 3874 ab
548 3807 623 3874 Hes.
647 3807 758 3891 aliisqe
780 3808 906 3873 detorta
927 3809 997 3888 fuit,
1019 3809 1136 3892 qvippe
1157 3808 1241 3892 qvod
1264 3827 1389 3874 sensum

272 3913 363 3978 daret
383 3913 598 3996 pulchriorem
620 3917 653 3978 et
674 3912 839 3994 aptiorem.

372 4014 507 4100 Σχερίη
537 4018 556 4100 ἡ
586 4019 643 4078 τῶν
672 4014 811 4078 Φαιάκων
839 4017 926 4099 χώρα
954 4014 1031 4080 οὕτω
1055 4013 1209 4099 λεγομένη.
1253 4013 1389 4098 Hesych.

268 4118 320 4184 his
341 4117 445 4184 addit:
468 4119 487 4202 ἢ
511 4123 600 4205 νῆσος
621 4114 767 4202 Κέρκυρα.
804 4119 848 4182 At
869 4118 935 4184 sch.
954 4121 970 4190 ζ
986 4121 1025 4182 81
1045 4118 1089 4182 ὅτι
1102 4117 1136 4181 Σ.
1152 4121 1172 4204 ἡ
1189 4122 1244 4182 τῶν
1260 4116 1329 4179 Φαι.
1349 4119 1390 4199 γῆ
