3108 4870
323 319 380 378 100

277 502 336 568 rici
358 523 427 580 usu,
450 499 732 585 significationibus
754 507 786 566 et
807 501 911 568 forma
932 501 985 584 qvi
1008 500 1102 566 vellet
1116 500 1253 578 edoceri,
1269 499 1392 566 facilio-

276 626 343 670 rem
370 604 501 670 heberet
527 604 747 668 inventionem.
791 605 894 687 Atque
916 603 1034 670 librum
1056 605 1101 669 sie
1122 604 1304 670 institutum
1324 624 1392 668 non

275 709 427 772 miramur
453 707 597 772 arrisisse
623 706 791 790 Hesychio,
817 707 850 772 in
878 705 1102 790 amplificando
1130 706 1316 790 Diogenieni
1342 705 1391 770 le·

274 811 345 877 xico
373 795 538 893 occupato,
567 815 599 874 et
625 810 710 874 hunc
736 830 793 874 cur
819 814 921 874 totum
948 808 1136 892 expilaverit
1163 846 1204 856 -
1226 829 1316 872 nemo
1337 813 1390 872 est

274 913 348 995 qvin
369 911 558 994 intellegat.”
603 910 659 993 (M.
682 910 834 976 Schmidt.
858 910 996 990 Quaestt.
1018 910 1093 976 Hes.
1117 908 1205 975 CVII
1219 911 1293 994 sq.).
1324 909 1390 974 Vo-
1523 989 1524 1004 χ

275 1013 471 1080 nubularium
505 1017 612 1078 sutem
645 1012 687 1078 ab
714 1013 882 1097 Apollonio
909 1018 1095 1097 excerptum
1122 1013 1256 1078 eandem
1284 1033 1391 1078 serva·
1523 1015 1524 1018 ’

274 1116 355 1181 visse
381 1115 526 1192 formam,
554 1136 647 1198 qvam
669 1115 823 1200 Didymus
845 1121 1046 1199 cognoverat,
1069 1136 1109 1180 ex
1130 1115 1180 1180 his
1203 1114 1311 1198 colligi
1332 1135 1392 1196 po-

273 1225 344 1284 test.
388 1217 497 1300 Neque
527 1219 611 1282 enim
643 1217 696 1284 ille
722 1238 830 1283 omnes
856 1218 1007 1302 cujusque
1033 1218 1119 1284 vocis
1145 1218 1276 1294 formas,
1302 1216 1393 1299 apud

273 1327 401 1404 poetam
423 1321 540 1399 obvias,
564 1319 710 1403 explicet,
732 1327 768 1384 ut
790 1319 974 1405 Hesychius,
998 1320 1054 1384 sed
1077 1341 1173 1384 unum
1196 1319 1313 1384 duosve
1336 1339 1393 1382 ex-

271 1425 399 1508 promit,
430 1422 515 1487 unde
542 1429 665 1488 ceterae
693 1423 842 1506 cognosci
868 1423 1001 1506 possint.
1046 1422 1081 1488 Si
1107 1423 1206 1506 igitur
1233 1421 1394 1504 ejusmodi

272 1547 352 1610 opus
379 1527 408 1590 ei
435 1530 563 1609 praesto
591 1525 660 1604 fuit,
688 1525 750 1590 hoc
777 1526 872 1590 etium
895 1527 1078 1609 saepissime
1100 1525 1141 1590 ab
1165 1545 1202 1590 eo
1224 1524 1257 1588 in
1278 1530 1393 1607 partes

273 1651 341 1694 esse
367 1634 515 1694 vocatum
536 1627 738 1692 menifestum
761 1635 817 1694 est.
862 1628 941 1692 Cum
963 1629 1046 1694 enim
1068 1628 1222 1712 plurimas
1244 1627 1312 1690 Arzi
1335 1648 1390 1692 ex-

272 1731 468 1814 plicationes,
491 1730 632 1812 qvamvis
654 1729 792 1794 breviter
813 1732 1005 1814 propositas,
1020 1731 1094 1796 inde
1109 1732 1256 1813 accipere
1270 1735 1389 1812 posset,

272 1833 345 1918 qvid
373 1833 414 1898 ad
441 1831 580 1916 ejusdem
609 1833 853 1916 hypomnemsta
879 1853 937 1915 per
958 1834 1081 1898 viarum
1102 1833 1215 1916 longas
1236 1831 1390 1915 ambages

270 1956 435 2002 recurrere
463 1956 543 2017 opus
566 1935 669 2000 esset?
700 1933 815 2011 Quodsi
837 1935 932 2012 etiam
955 1936 1013 2000 hos
1035 1936 1134 2002 libros
1157 1955 1253 2017 saepe
1276 1955 1387 2000 consu-

270 2040 366 2106 luisse
392 2038 524 2114 videtur,
552 2038 614 2102 hoc
640 2037 712 2102 ideo
735 2037 819 2116 feeit,
841 2044 877 2102 ut
900 2037 939 2102 de
959 2038 1038 2104 loeis
1060 2037 1292 2103 difficilioribus
1315 2037 1387 2120 qvid

270 2143 324 2205 Ar.
348 2141 497 2206 sensisset
518 2144 551 2205 et
572 2138 711 2216 dixisset,
733 2139 802 2220 ipse
824 2140 889 2206 suis
911 2139 1011 2206 oeulis
1032 2141 1213 2224 inspiceret.
1260 2140 1322 2206 Sed
1340 2140 1382 2202 λε’-

270 2245 325 2314 teu
352 2243 529 2308 Aristarchi
556 2248 663 2306 tamen
690 2241 822 2324 stirpem
849 2248 881 2308 et
907 2243 1148 2308 tundamentum
1170 2243 1265 2310 lexici
1286 2242 1383 2308 nostri

208 2385 211 2394 ·
270 2366 339 2411 esse
361 2345 438 2409 mihi
459 2365 644 2426 persuasum
668 2350 725 2410 est.
768 2344 876 2428 Neque
898 2345 960 2411 hoc
980 2345 1118 2428 primum
1141 2345 1201 2412 fuit
1222 2348 1273 2412 sui
1294 2366 1386 2430 gene-

271 2448 315 2512 ris
349 2446 545 2530 opusculum.
589 2446 662 2512 Jam
696 2447 778 2512 enim
805 2446 965 2530 Apollonii
992 2454 1097 2514 aetate
1123 2447 1225 2514 multa
1251 2447 1387 2515 vocubu-

270 2551 362 2627 luriu,
395 2570 460 2614 uon
486 2549 589 2613 solum
615 2548 789 2614 Homerum
816 2547 956 2632 aliosque
981 2556 1094 2634 poetas
1121 2552 1308 2616 vetustiores
1330 2550 1390 2615 sed

270 2655 366 2720 etiam
389 2651 541 2717 dialectos
562 2657 594 2716 et
616 2657 701 2716 artes
724 2651 890 2734 complexa
912 2653 1097 2734 extiterant3
1120 2659 1152 2718 et
1173 2653 1242 2720 sine
1259 2654 1389 2719 nomine

269 2762 378 2822 noster
398 2755 699 2837 lexicographorum
720 2755 901 2820 testimonia
923 2755 1050 2839 alleget
1093 2756 1221 2824 Mature
1235 2757 1318 2822 enim
1332 2777 1389 2822 uo-

269 2857 385 2924 cabula
406 2857 447 2922 ab
470 2878 530 2922 usu
551 2855 674 2940 vulgari
696 2857 801 2922 aliena
824 2857 939 2924 libellis
954 2864 1068 2941 coepta
1082 2866 1157 2924 sunt
1172 2859 1288 2942 colligi.
1321 2859 1388 2925 Ita-

270 2982 328 3046 que
351 2960 419 3044 jum
441 2957 639 3024 Democritus
660 2959 813 3024 Abderita
836 2960 982 3044 (Diogen.
1009 2961 1114 3026 Laert.
1139 2966 1168 3041 9,
1191 2965 1245 3046 48)
1268 2961 1388 3027 librum

268 3063 368 3130 edidit
395 3065 461 3147 περὶ
483 3059 622 3148 (Ομήρου
650 3065 669 3147 ἢ
699 3063 872 3148 ὀρθοεπείης
898 3087 924 3126 κ.
952 3066 1123 3146 γλώσσεωνς
1147 3064 1388 3148 plossopraptos

269 3166 474 3232 Aristarchus
501 3185 597 3247 saepe
624 3164 718 3248 diplis
746 3165 895 3248 castigat,
923 3164 1100 3231 Zenodotns
1121 3167 1279 3249 Ephesius
1301 3166 1387 3250 glos-

266 3270 387 3336 sarium
409 3267 612 3333 Homericum
634 3269 811 3352 composuit
832 3267 944 3352 (schol.
966 3292 984 3352 γ
1006 3273 1078 3334 444.
1123 3268 1257 3352 Sengeb.
1279 3268 1387 3334 dissl

267 3377 331 3455 23),
354 3371 533 3455 congeriem
555 3370 732 3454 glossarum
754 3370 893 3436 Philetus
918 3368 1000 3436 Gens
1021 3371 1134 3448 edidit·
1157 3371 1290 3454 denique
1304 3373 1385 3434 Ari-

264 3475 429 3558 stophanis
449 3478 575 3556 γλῶτται
596 3475 692 3540 etiem
713 3473 885 3540 Homerica
906 3472 1062 3538 vocabula
1078 3473 1292 3540 continebant.
1322 3474 1385 3560 (De

266 3577 379 3662 quibus
411 3599 439 3642 v.
471 3577 571 3640 Lehrs
603 3578 657 3640 Ar.
692 3578 841 3659 35-44).
885 3574 1027 3660 Denique
1059 3575 1283 3642 memorandae
1310 3583 1384 3641 sunt

266 3681 390 3764 glossae
433 3679 553 3746 Seleuci
594 3678 798 3761 ,Homerici“,
842 3677 966 3762 glossae
1012 3678 1158 3760 Apionis,
1205 3677 1384 3760 Timagenis

265 3782 414 3866 cujudam
436 3782 646 3867 supreptionis,
668 3801 801 3864 qvarum
823 3779 859 3844 fit
880 3781 997 3846 mentio
1018 3781 1052 3846 in
1075 3781 1177 3846 lexico
1197 3788 1306 3846 nostro
1321 3781 1381 3845 sub

264 3907 292 3948 v.
320 3886 439 3970 ἅρπυιαι
467 3888 507 3968 (v.
530 3885 650 3950 Lersoh
671 3883 873 3967 Sprachphil.
896 3885 926 3948 d.
948 3883 1043 3948 Alten
1065 3883 1123 3962 III,
1147 3888 1185 3948 71
1210 3904 1280 3968 sqq.
1304 3883 1381 3948 Sen-

264 3987 333 4070 geb.
361 3987 443 4052 Diss.
467 3987 492 4065 Ι,
516 3990 556 4050 52
579 3989 674 4070 sqq.)‚
697 3985 863 4052 Philonem
883 3988 949 4071 περὶ
971 3990 1027 4050 τῶν
1050 3983 1118 4071 παρ’
1137 3982 1267 4073 Ὁμήρῳ
1289 3989 1380 4070 γλωσ-

263 4094 320 4154 σῶν
344 4088 473 4172 (tuido,
497 4088 583 4154 Aelii
603 4089 713 4155 Sereni
735 4089 868 4172 glossae,
891 4088 1030 4172 Longini
1051 4109 1131 4172 opus
1152 4090 1217 4174 περὶ
1238 4094 1294 4154 τῶν
1310 4087 1377 4174 παρ’

256 4189 331 4276 ‘Op
360 4190 454 4256 πολλὰ
474 4196 676 4274 supervenerint
698 4191 803 4260 λέξεων
826 4191 913 4276 (Vill.
936 4190 1030 4276 proll.
1052 4190 1145 4256 XXII
1167 4194 1228 4274 sq).
1252 4228 1288 4240 -
1316 4191 1379 4258 Sed
