3098 4874
1186 359 1232 418 17,

133 545 199 626 (De
226 543 277 606 his
299 540 395 623 plura
416 562 445 601 v.
469 545 612 604 extremo
636 541 713 622 Cap.
736 539 783 604 I:o
807 540 841 626 2)
865 545 897 604 et
919 540 1001 606 III:o
1026 543 1071 626 5),
1094 541 1150 605 ubi
1173 541 1268 605 etiam

133 645 284 726 exempla
318 641 523 726 afferuntur).
552 680 595 690 -
624 640 756 717 Qvando
786 647 893 706 autern
921 643 1060 719 articuli,
1088 643 1128 706 do
1157 643 1271 726 qvibus

134 748 188 810 hic
211 747 347 828 agimus,
369 745 403 807 in
425 743 551 808 lexicon
572 743 696 825 recepti
719 743 792 820 sint,
817 743 946 808 difficile
964 751 1012 808 est
1029 745 1125 809 dictu.
1155 745 1270 808 Utrum

132 850 201 932 jam
225 869 245 912 a
267 847 362 912 lexioi
385 847 490 936 primo
514 845 679 910 conditore
702 845 838 908 adhibiti
861 846 903 909 ad
926 847 1097 929 genuinam
1121 847 1189 930 ejus
1206 847 1271 911 for-

95 998 97 1002 .
136 971 222 1014 mam
244 949 468 1030 pertinuerint,
492 969 543 1023 an,
567 968 639 1011 curn
662 951 787 1011 constet
803 947 928 1011 lexicon
946 948 987 1012 ab
1006 948 1272 1029 epitomatoribus

140 1057 340 1116 contractum
363 1071 442 1127 esse,
466 1049 508 1113 ab
530 1050 580 1113 his
603 1049 733 1113 tandem
757 1049 875 1131 adjecti
897 1049 970 1126 sint,
993 1050 1067 1113 nolo
1085 1050 1272 1133 dijudicare.

142 1157 305 1236 Apparent
326 1159 435 1216 tamen
457 1153 619 1216 interdum
641 1154 675 1215 in
697 1152 747 1215 his
769 1151 904 1234 vestigia
925 1153 1080 1235 temporis
1102 1152 1273 1234 Apollonio

143 1261 250 1320 nostro
277 1255 447 1332 interioria,
477 1255 564 1319 velut
591 1276 663 1318 oum
692 1253 752 1318 suh
780 1253 906 1330 ἀνόπαια
933 1260 965 1318 et
987 1256 1073 1339 ἄρσεν
1096 1255 1273 1319 Herodiani

142 1357 289 1439 leguntur
315 1357 608 1438 interpretationes,
636 1355 696 1419 sub
724 1359 903 1440 περιρρηδής
931 1356 1039 1438 opinio
1061 1357 1125 1438 legi
1147 1355 1273 1420 videtur

140 1459 317 1524 Alexandri
339 1459 554 1542 Cotyaeensis,
578 1459 631 1540 qvi
653 1459 815 1523 Antonino
837 1458 896 1522 Pio
918 1458 1098 1539 imperante
1120 1459 1207 1521 vixit.

244 1561 319 1624 Jam
346 1561 388 1624 ad
414 1565 572 1636 auctores,
601 1579 679 1641 qvos
708 1559 898 1641 Apollonius
926 1565 1024 1624 testes
1053 1561 1140 1637 citat,
1163 1581 1273 1624 recen-

144 1661 261 1725 sendos
283 1668 422 1740 transeo,
443 1663 477 1726 id
499 1661 638 1726 maxime
661 1666 804 1738 acturus,
826 1667 872 1738 ut,
896 1660 1011 1743 qvibus
1027 1683 1044 1726 e
1058 1661 1150 1725 libris
1166 1663 1273 1744 singu-

143 1763 248 1827 lorum
271 1765 442 1828 sententias
465 1765 638 1847 sumpsisse
660 1763 817 1840 videatur,
841 1784 1042 1846 cognoscam.
1080 1763 1151 1828 Hoo
1166 1769 1274 1828 tamen

141 1865 423 1947 praemonendum,
441 1873 589 1930 auctores
601 1866 788 1930 Aristarcho
806 1866 988 1946 superiores
1005 1865 1193 1947 plerumque
1210 1887 1275 1930 non

142 1986 181 2030 ex
202 1967 346 2048 ipsorum
368 1967 497 2048 scriptis
520 1967 576 2030 sed
599 1988 638 2030 ex
660 1968 839 2031 Aristarchi
863 1968 1056 2032 auctoritate
1074 1967 1115 2032 ab
1133 1968 1188 2032 illo
1205 1968 1274 2032 lau·

142 2067 221 2131 dari.
268 2067 357 2144 Qvod
386 2089 577 2150 qvamqvam
604 2087 669 2131 non
698 2067 736 2130 de
760 2068 906 2131 omnibus
929 2073 1035 2149 potest
1059 2069 1154 2132 certis
1178 2090 1273 2151 argu-

141 2170 255 2234 mentis
277 2169 411 2244 firmari,
433 2169 466 2230 in
489 2168 597 2232 multis
619 2173 728 2230 tamen
749 2169 894 2230 veritatis
912 2169 1051 2248 speciem
1066 2167 1174 2233 habet.
1209 2170 1274 2234 Ita-

141 2291 201 2353 que
229 2292 302 2334 oum
329 2270 505 2333 Hesiodum
533 2270 636 2333 sexies
665 2269 752 2345 citat,
781 2289 861 2350 qvae
889 2270 949 2334 sub
979 2268 1119 2358 Αἰγύπτῳ
1148 2277 1180 2336 et
1201 2273 1270 2355 γύα-

137 2375 188 2434 λον
213 2393 253 2435 ex
274 2371 330 2435 illo
354 2369 458 2447 affert,
482 2371 690 2434 Aristarchea
713 2391 781 2434 esse
798 2371 946 2434 videntur
963 2373 1019 2456 (cf.
1038 2373 1149 2439 scholl.
1168 2375 1181 2444 Ε
1200 2380 1272 2440 246.

138 2472 164 2538 Ε
187 2475 254 2556 99).
300 2472 524 2536 Archilochum
546 2473 659 2538 laudat
681 2474 739 2537 snb
763 2470 875 2557 ἔμπλην
901 2477 942 2558 (v.
967 2474 1016 2538 ed.
1032 2475 1157 2560 Baka).
1195 2478 1273 2542 Aie-

138 2577 243 2640 muuis
273 2575 368 2640 affert
396 2575 611 2658 fragmentum
639 2577 826 2658 pretiosum,
855 2581 1021 2641 venustate
1054 2583 1086 2641 et
1114 2578 1274 2661 elegantia

140 2671 308 2742 abundans
338 2677 377 2762 (s.
406 2679 582 2760 κνώδαλον).
627 2679 857 2741 Ausereoutem
884 2683 933 2741 ter
956 2678 1083 2756 laudat3
1112 2701 1192 2760 qvae
1215 2681 1274 2744 sub

141 2781 287 2864 μοθιήτας
315 2779 445 2844 exhibet
468 2801 540 2844 cum
564 2779 630 2843 sch.
655 2804 677 2864 φ
701 2785 738 2842 71
764 2779 845 2843 adeo
870 2780 1071 2856 conveniunt,
1093 2787 1130 2842 ut
1151 2787 1275 2844 utrum-

141 2901 199 2964 qve
224 2881 336 2944 eodem
358 2901 451 2944 usum
475 2901 543 2945 esse
566 2881 654 2945 fonte
677 2885 845 2963 appareat,
868 2901 961 2962 qvem
982 2881 1130 2944 Eustath.
1147 2883 1275 2946 nomine

140 2983 301 3065 significat
329 2987 385 3044 τῶν
414 2986 556 3046 παλαιῶν.
601 2983 682 3047 Item
712 3005 793 3066 qvae
821 3004 860 3047 ex
888 2981 1031 3047 Pindaro
1061 2988 1092 3048 et
1115 2983 1276 3050 Simonide

140 3107 165 3148 a.
194 3081 354 3152 ξεινοδόκος
381 3082 570 3162 afferuntur,
598 3085 717 3149 eisdem
745 3086 812 3150 fere
833 3084 939 3149 verbis
962 3084 1048 3166 apud
1071 3085 1221 3150 Photium
1245 3094 1277 3152 et

139 3188 173 3250 in
200 3187 252 3250 Et.
280 3184 323 3248 M.
352 3184 512 3268 leguntur.
557 3186 746 3268 Aeschylum
773 3187 871 3250 semel
893 3187 1007 3252 laudat
1028 3208 1053 3250 s.
1078 3187 1198 3274 Φοῖβος,
1221 3190 1277 3254 ubi

140 3294 210 3353 tota
238 3287 472 3353 observationis
499 3286 622 3351 indoles
649 3289 872 3352 Aristarchum
901 3289 1014 3371 resipit
1037 3289 1091 3372 (cf.
1116 3291 1227 3354 scholl.
1251 3294 1277 3354 A

143 3393 215 3453 750.
251 3394 312 3453 709
354 3391 393 3454 de
426 3387 581 3471 Μολίονε).
633 3388 814 3468 Sophoclem
847 3391 973 3471 profert
1005 3396 1068 3470 ter;
1103 3413 1184 3474 qvae
1217 3393 1276 3458 sub

142 3493 277 3560 ἰονθάδος
299 3493 408 3566 habet,
432 3513 472 3556 ex
494 3491 682 3555 Aristarcho
705 3511 739 3555 se
758 3493 931 3573 sumpsisse
948 3493 1018 3576 ipse
1034 3493 1112 3558 dicit
1129 3494 1170 3581 (v.
1188 3495 1276 3581 lem).

141 3595 191 3658 Ex
224 3595 367 3678 ejusdem
396 3595 493 3658 etiam
521 3593 714 3658 auctoritate
742 3591 936 3674 Euripidem
966 3595 1067 3660 citare
1096 3597 1221 3660 videtur
1251 3619 1275 3660 s.

142 3700 296 3780 συμφερτή
321 3699 362 3780 (v.
390 3696 478 3781 lem).
524 3695 627 3772 Quare
655 3717 728 3759 cum
757 3703 882 3762 constet
905 3699 964 3760 hos
993 3697 1060 3760 fere
1087 3698 1173 3778 ipsos
1201 3718 1277 3779 poe-

142 3802 194 3861 tas
210 3798 251 3860 ab
269 3799 457 3862 Aristarcho
472 3803 629 3861 tractatos
646 3803 678 3860 et
690 3799 928 3862 commentariis
940 3798 1119 3861 illustratos
1130 3797 1237 3877 fuisse,
1245 3801 1276 3883 ²¹¹)

142 3898 215 3964 vide
243 3919 283 3962 ne
310 3905 429 3978 noster,
457 3900 507 3963 his
536 3899 613 3980 ipsis
640 3899 732 3962 libris
760 3900 921 3982 inspectis,
950 3899 1078 3962 illorum
1106 3906 1277 3981 poetarum

144 4023 352 4034 .-.....-.---

247 4071 272 4132 *)
289 4068 402 4138 Sengcb.
421 4068 442 4136 I,
460 4071 503 4124 24:
523 4067 677 4134 „Tractavit
694 4067 726 4119 A.
745 4069 843 4121 multos
861 4069 956 4136 poetas
975 4066 1090 4122 Graecos
1103 4073 1210 4139 praeter
1223 4071 1278 4125 Ho-

142 4172 257 4210 merum:
276 4153 432 4222 Hesiodum,
451 4152 649 4219 Archilochum,
668 4152 830 4215 Alcmanem‚
848 4153 983 4218 Alcaeum,
1001 4154 1202 4218 Anacreontem
1217 4155 1280 4210 Pin·

144 4241 246 4307 darum,
265 4240 384 4308 tragicos
402 4243 465 4301 tres,
483 4239 582 4300 Ionem,
600 4236 832 4305 Aristophanem.“

1158 4326 1175 4378 2
