3108 4870
263 354 304 414 90

216 535 254 599 τὰ
277 534 362 620 μέλη.
385 536 434 598 καὶ
455 533 536 614 παρὰ
557 540 598 620 τῷ
621 531 825 620 Ἀπολλωνίῳ,
848 535 884 596 τὰ
905 535 1058 618 πρόσωπα.
1103 533 1190 610 Qvae
1211 531 1286 596 fort.
1309 552 1349 596 ex

217 637 392 720 integriore
426 635 586 719 qvondam
618 634 724 717 Apoll.
752 640 881 717 sumpte
908 642 991 700 sunt.
1035 635 1159 700 Deinde
1186 633 1349 716 excipiunt

216 739 309 804 ἰστέον
339 740 383 803 ὅτι
404 745 437 803 et
459 745 518 803 cet.
541 737 638 820 plene
659 739 692 801 in
714 738 747 800 in
764 737 898 801 eundem
920 739 1110 802 sententiam
1131 742 1227 819 atqve
1250 735 1347 800 schol.

217 861 318 924 supra
339 841 428 905 ellat.

321 943 419 1028 ῥινός
446 943 494 1005 ἐπί
522 943 573 1024 μὲν
598 944 650 1003 τοῦ
674 940 818 1024 δέρματος
839 945 892 1004 τοῦ
916 947 1065 1026 μυκτῆρος
1088 941 1179 1026 ,ρινδς
1203 941 1274 1024 ὑπὲρ
1297 964 1349 1002 πο-

217 1046 328 1130 peirn&
357 1045 399 1125 (N
430 1045 518 1125 616),
546 1042 593 1104 ἐπὶ
621 1043 654 1105 δὲ
676 1048 729 1126 τῆς
751 1044 873 1111 άσπιδος
895 1043 1008 1130 ,ῥινούς
1030 1066 1062 1106 τε
1085 1044 1189 1128 dodon?
1213 1047 1247 1106 ot
1268 1039 1348 1105 inl)

217 1151 256 1210 61
281 1146 376 1226 vulgo
400 1145 517 1226 legitur
539 1144 606 1226 ,σὺν
630 1142 657 1228 ρ’
680 1142 784 1229 ἔβαλον
808 1145 918 1230 ρινοὺς“
942 1146 996 1230 [ex
1017 1145 1068 1209 Et.
1091 1143 1135 1210 M.
1151 1148 1222 1220 704.
1241 1148 1281 1207 25
1296 1143 1349 1206 iis-

216 1248 290 1312 dem
313 1245 419 1310 verbis
442 1247 522 1310 haec
545 1245 714 1322 referente,
737 1246 837 1311 oddo:
862 1283 903 1294 -
926 1283 967 1294 —
990 1247 1111 1332 puodc“‚
1135 1247 1269 1330 σημαίνει
1284 1245 1350 1330 βύρ-

217 1369 270 1418 σας
281 1349 325 1432 *),
353 1348 485 1415 ἀσπίδας.
530 1347 712 1430 Seqvuntur
734 1348 945 1430 etymologica
966 1347 1180 1413 Ohoerobosci
1203 1354 1235 1412 et
1257 1346 1349 1431 Ori.].
1470 1419 1477 1429 Ι
1525 1364 1526 1404 ι

216 1450 335 1514 Mirum
359 1458 416 1527 est,
440 1449 524 1532 qvod
548 1450 630 1514 duee
653 1449 779 1531 glossae
801 1450 894 1514 raldo
918 1450 1061 1514 diversae
1083 1449 1143 1513 sub
1165 1471 1229 1514 uno
1246 1450 1349 1531 capite

217 1553 408 1635 conjunctae
430 1557 518 1629 sunt;
541 1573 617 1616 nam
639 1552 778 1633 primam
800 1557 939 1634 apparet
961 1572 1030 1616 esse
1052 1554 1072 1636 ἡ
1096 1553 1138 1637 ρίς
1162 1553 1183 1616 i.
1202 1573 1233 1635 q.
1252 1572 1349 1616 nesus

217 1655 361 1738 (μοκτῆρ)
396 1653 445 1717 νο]
477 1653 585 1734 potius
619 1653 700 1716 eutis
728 1655 808 1730 nasi,
837 1653 973 1718 alteram
1002 1657 1022 1738 ἡ
1051 1653 1126 1738 ῥινός
1152 1654 1172 1717 i.
1201 1675 1232 1736 q.
1256 1654 1348 1722 ἀσπίς.

218 1756 424 1837 Quamquam,
452 1761 490 1817 ut
516 1755 639 1835 opinor,
667 1754 729 1818 hoo
756 1756 877 1818 factum
906 1761 955 1819 est
977 1755 1083 1820 studio
1106 1762 1274 1838 utremqve
1296 1775 1349 1820 νο-

218 1879 288 1922 οοιιι
315 1858 356 1921 ab
379 1877 444 1920 una
472 1856 595 1938 origine
623 1856 803 1937 repetendi3
832 1878 926 1938 qvam
950 1877 1019 1922 esse
1041 1859 1093 1942 τὴν
1117 1856 1190 1943 ρινόν
1214 1859 1348 1940 (cutem)

219 1980 258 2024 ex
285 1981 322 2024 eo
349 1964 495 2041 apparet,
524 1958 608 2041 qvod
635 1962 655 2043 ἡ
685 1959 726 2044 ρίς
754 1981 817 2024 non
840 1980 900 2041 pro
923 1961 993 2042 ipso
1016 1981 1095 2024 naso
1118 1960 1174 2024 sed
1196 1981 1256 2043 pro
1279 1961 1348 2024 nasi

218 2067 291 2126 cute
323 2062 489 2143 accipitur.
534 2060 596 2144 (cf.
625 2061 721 2125 etiam
748 2061 800 2126 Et.
829 2061 897 2145 Μ.)
928 2099 969 2109 -
999 2064 1051 2146 τὴν
1080 2062 1165 2147 ῥινὸν,
1189 2062 1346 2143 clupeum,

220 2170 327 2228 autem
351 2163 393 2226 ad
416 2161 549 2228 eandem
569 2163 725 2245 originem
742 2163 956 2228 revocandam
974 2184 1053 2244 esse,
1071 2164 1165 2229 docet
1181 2165 1347 2246 inseqvens

218 2264 388 2330 articulus:

322 2367 520 2451 ῥινοτόρος.
564 2365 590 2430 Ι.
614 2388 645 2448 q.
667 2367 778 2434 scholl.
803 2367 900 2432 Arist.
923 2367 954 2432 H
976 2372 1048 2432 474.
1073 2367 1097 2432 Θ
1121 2371 1171 2432 61.
1206 2367 1278 2432 Vox
1294 2388 1347 2432 ex-

219 2473 268 2532 tat
291 2469 320 2531 Φ
344 2472 416 2532 392.

321 2572 395 2656 ρῖον
423 2571 604 2654 ἀκρωτήριον
632 2568 720 2655 ὄρους
749 2595 759 2634 ι
788 2575 847 2634 190
878 2571 931 2656 (de
959 2571 1097 2656 Cyclope
1123 2571 1346 2656 Polyphemo),

218 2671 243 2734 Ξ
266 2675 327 2735 225
351 2673 450 2738 schol.
474 2674 533 2758 ῥῖον
556 2672 635 2742 ἰδίως
656 2673 677 2736 i.
701 2694 733 2756 q.
756 2670 834 2758 ὄρος.
858 2711 899 2721 -
921 2673 972 2738 Et.
990 2673 1032 2738 M.
1049 2673 1152 2738 addit:
1174 2674 1238 2737 ἐπεὶ
1252 2696 1347 2759 περιρ-

219 2779 309 2858 ρεῖται
331 2776 422 2839 ὕδατι.

321 2875 586 2960 Σαρπήδοντος.
631 2876 805 2955 Articulus,
830 2876 939 2940 multis
955 2877 1078 2941 mendis
1095 2876 1259 2954 laborans,
1277 2875 1348 2940 nul·

217 2979 285 3042 lum
312 2978 411 3042 habet
437 3000 575 3056 sensum,
603 2980 636 3043 ni
664 2980 848 3044 scribimus:
882 2980 975 3064 ταύτῃ
999 2987 1036 3064 τῇ
1058 2981 1148 3044 κλίσει
1168 2984 1220 3044 τοῦ
1243 2979 1348 3064 ὀνόμα-

218 3103 267 3148 τος
293 3079 358 3148 ἅλις
385 3079 526 3164 κέχρηται
553 3081 569 3143 ὁ
597 3084 721 3166 ποιητής
750 3080 973 3167 ,Σαρπήδοντος
1000 3083 1109 3167 ἑταῖροι
1136 3119 1176 3132 -
1199 3081 1246 3166 (M
1270 3084 1348 3164 379)

217 3208 245 3246 κ.
274 3181 406 3266 ,τεύχεα
432 3181 661 3267 Σαρπήδοντος*
685 3183 841 3268 (11800).
886 3183 1020 3248 Αίολικδν
1043 3185 1076 3247 δὲ
1098 3185 1131 3247 τδ
1153 3189 1266 3268 σχῆμα,
1289 3185 1348 3246 ἀπὸ

219 3285 381 3371 βαροτόνου
404 3290 457 3369 τῆς
478 3283 655 3370 Σαρπήδων.
678 3309 705 3348 κ.
728 3286 781 3369 τὴν
797 3286 912 3369 δοτικὴν
928 3284 1129 3370 ,Σαρπήδοντι
1143 3285 1217 3370 ἄχος
1231 3285 1348 3368 γένετο“

219 3386 264 3464 (M
288 3389 366 3470 392)
389 3387 491 3450 διὰτὸ
515 3387 618 3471 μέτρον
641 3390 728 3472 δηλοῖ
747 3393 822 3472 (pro
845 3389 962 3472 δῆλον),
985 3392 1027 3456 ὡς
1044 3387 1094 3451 ὅτε
1112 3389 1185 3472 (pro
1202 3388 1256 3464 ὅτι,
1273 3386 1345 3450 Vill.

218 3488 303 3571 ὅταν)
331 3487 410 3571 λέγει
437 3487 609 3574 ,Σαρπῆδον
639 3493 713 3572 (pro
740 3488 920 3575 Σαρπηδών)
949 3491 1062 3554 Λυκίων
1092 3491 1277 3576 βοολήφορε“
1306 3489 1348 3572 (Ε

219 3594 307 3674 633).
331 3589 372 3654 οὐ
395 3590 473 3676 (hoo
494 3590 569 3654 edd.
594 3590 681 3673 Vill.)
705 3592 836 3676 φαίνεται
859 3592 959 3676 [τοῦτο
983 3591 1080 3676 addo]
1105 3593 1162 3656 ἀπὸ
1185 3599 1238 3677 τῆς
1253 3591 1348 3661 ὀξυτό-

218 3715 269 3755 νοο
291 3693 394 3776 λέγων·
418 3691 510 3777 ἔχρην
532 3693 588 3778 γὰρ
612 3693 695 3779 [ool]
718 3695 771 3777 τὴν
793 3693 885 3778 αὐτὴν
908 3694 980 3758 εἶναι
1000 3701 1036 3778 τῇ
1053 3694 1164 3777 εὐθείᾳ,
1179 3699 1221 3764 ὥς
1234 3695 1251 3758 δ
1266 3692 1348 3778 Μορ·

219 3796 320 3878 μηδὼν
354 3820 381 3858 κ.
410 3796 426 3858 ὁ
454 3794 601 3878 Μακεδών
630 3820 657 3860 κ.
686 3795 828 3880 [οὕτως’ί]
858 3796 1086 3882 προέφερομεδα
1114 3796 1162 3882 [ἂν
1189 3817 1250 3879 pro
1277 3795 1347 3860 eod.

218 3896 287 3981 γὰρ]
315 3895 480 3981 Σαρπηδὼν
508 3923 536 3963 κ.
561 3900 613 3982 τὴν
641 3899 757 3982 δοτικὴν
782 3896 964 3983 [Σαρπηδόνι
990 3899 1064 3962 add.
1092 3898 1193 3984 Vill.].
1223 3898 1277 3962 οὐκ
1299 3896 1349 3962 Al·

218 3999 314 4062 ολικδν
341 4000 374 4061 δὲ
401 4001 527 4084 [τοῦτο],
554 4000 630 4064 ἀλλὰ
659 4000 914 4085 βαροτονοομένης
940 4000 1067 4077 εὐθείας,
1096 4002 1195 4086 ὥσπερ
1218 4006 1272 4086 τῆς
1292 3995 1350 4064 Ed·

321 4203 347 4270 ¹l)
358 4202 421 4256 tort.
440 4218 470 4256 ex
487 4203 538 4256 hoc
555 4203 614 4272 ipso
632 4202 712 4258 verbo
730 4203 820 4274 βὺρσας
837 4204 915 4259 lexici
932 4205 1002 4276 βοῶν
1019 4207 1173 4274 corruptum
1190 4207 1239 4259 est
