3098 4874
273 353 312 414 10

223 536 402 602 scholiasta
429 532 567 616 quodam
593 531 772 616 profectam
801 551 880 611 esse,
904 552 1021 615 ,qvem,
1046 552 1118 597 cnm
1139 533 1300 615 integrum
1321 533 1355 596 in

227 637 361 702 Iliadem
383 635 646 701 commentarium
669 634 844 716 scripserit,
868 639 994 700 constat
1016 655 1056 700 ex
1078 639 1228 717 quattuor
1249 654 1354 716 gram·
1468 711 1472 719 φ

227 741 428 816 maticcrum,
456 737 639 816 Aristonici,
667 736 805 820 Didymi,
832 735 1012 815 Nicanoris,
1041 737 1226 815 Herodiani,
1254 737 1354 818 scrip-

227 843 268 907 tis
291 842 412 924 optima
434 839 608 922 collegisse,
632 837 767 903 collecta
789 837 973 920 digessisse3
1002 859 1103 922 neqve
1130 840 1192 904 hoc
1219 837 1355 904 aehcha-

227 949 297 1008 stae
325 963 406 1025 opus
435 941 565 1007 axillis
592 939 882 1022 quattuorvirorum
910 940 1039 1022 scriptis
1067 941 1292 1006 concinnatum
1313 939 1356 1004 ad

227 1067 285 1111 nos
318 1044 500 1127 pervenisse
532 1044 718 1125 integrum.“
764 1041 821 1118 Qvi
849 1042 933 1106 enirn
959 1042 1009 1106 his
1035 1063 1113 1106 usus
1141 1043 1356 1108 fundamentis

227 1146 349 1211 scholia
365 1145 489 1210 Veneta
505 1143 693 1222 condiderit,
712 1165 784 1208 eum
801 1143 866 1208 alia
882 1144 1090 1222 contraxisse,
1108 1144 1355 1222 circumcidisse,

224 1247 293 1312 alia
325 1247 428 1311 multa
460 1267 478 1310 1
510 1246 638 1329 scriptis
669 1246 775 1328 Apoll.
804 1245 943 1330 Dyscoli,
972 1245 1157 1323 Herodiani,
1186 1246 1357 1330 Porphyrii

228 1354 380 1432 congesta
408 1347 578 1412 addidisse.
613 1347 724 1430 Itaqve
752 1349 817 1413 sive
839 1347 1003 1413 Beccardo
1025 1347 1105 1413 fides
1126 1347 1276 1412 habenda
1298 1354 1362 1426 est,

227 1452 280 1533 qvi
312 1471 412 1514 unum
445 1450 699 1533 epitomatorem,
711 1451 742 1533 *)
771 1471 793 1515 a
818 1449 992 1515 scholiasta
1027 1450 1195 1528 diversum,
1229 1450 1263 1513 in
1294 1450 1356 1515 hoe

228 1573 342 1635 campo
374 1558 574 1635 grassantem
607 1558 640 1617 et
671 1558 840 1636 vagantem
871 1553 1002 1631 inducit,
1031 1553 1096 1618 sive
1123 1553 1232 1636 plures
1258 1552 1356 1616 fuisse

225 1655 455 1736 epitomatores
482 1653 584 1728 malis,
613 1653 707 1718 facile
730 1654 790 1718 tibi
812 1654 1070 1736 persuadebitur,
1093 1655 1126 1718 in
1148 1655 1278 1720 scholiis
1301 1655 1356 1720 do-

226 1756 351 1820 ctrinae
367 1753 592 1818 Aristarcheae
612 1755 701 1836 qnasi
712 1755 893 1837 fragmenta
908 1760 1032 1819 tantum
1051 1763 1170 1835 extare,
1185 1757 1358 1838 imaginem

228 1877 302 1921 vero
326 1855 394 1938 ejus
418 1855 598 1919 absolutam
622 1861 654 1920 et
675 1857 832 1938 integram
848 1857 948 1921 oculis
960 1857 1078 1921 nostris
1089 1858 1219 1920 minime
1230 1857 1355 1938 subjici.

330 1958 469 2022 Maxime
507 1963 615 2022 tamen
653 1964 765 2022 nostra
803 1958 902 2023 refert
934 1960 1108 2024 Aristonici
1140 1959 1257 2023 librum
1291 1961 1356 2043 περὶ

226 2059 427 2145 Ἀριστάρχου
455 2060 584 2143 σημείων
603 2057 744 2144 (Ομήρου
767 2061 817 2124 his
840 2061 968 2125 scholiis
990 2066 1151 2125 servatum
1175 2081 1257 2140 essc;
1281 2082 1355 2125 nam

229 2163 284 2228 alii
310 2169 460 2246 qvattuor
483 2164 542 2227 viri
566 2167 712 2247 (excepto
729 2163 798 2228 solo
813 2163 960 2247 Didymo,
983 2165 1035 2246 qvi
1052 2165 1085 2226 in
1106 2163 1197 2227 libris
1220 2165 1356 2248 περὶτῆς

229 2264 452 2350 Ἀρισταρχείου
476 2268 663 2350 διορθώρεως
685 2267 850 2348 utriusque
867 2267 1093 2331 Aristarcheae
1110 2266 1257 2330 editionis
1271 2267 1356 2330 inter

228 2388 263 2432 se
301 2368 486 2434 conferebat
524 2369 686 2445 lectiones,
720 2368 836 2433 additis
869 2368 1041 2434 multarum
1075 2368 1211 2433 aliarum
1245 2368 1356 2433 editio·

227 2491 305 2534 num
327 2469 517 2535 lectionibus
540 2469 636 2534 variis
649 2471 708 2551 **),
731 2491 826 2552 qvum
843 2491 907 2534 non
925 2491 964 2534 ex
986 2470 1163 2536 Aristarchi
1180 2471 1357 2553 penderent

230 2573 432 2650 auctoritate,
456 2572 512 2637 sed
533 2571 634 2636 libere
650 2591 770 2652 sucqve
781 2571 904 2653 judicio
921 2592 989 2634 rem
1006 2578 1147 2654 agerent,
1166 2573 1270 2637 obiter
1286 2577 1356 2636 tan--

229 2680 297 2737 tum
326 2680 358 2738 et
385 2675 552 2738 occasione
582 2673 660 2737 data
688 2673 730 2736 ad
757 2674 826 2754 ejus
854 2672 954 2737 libros
981 2673 1200 2754 provocabant
1226 2675 1357 2756 ejusqve

229 2776 414 2858 opinionum
437 2776 630 2840 mentionem
652 2773 828 2853 faciebant;
852 2774 908 2839 sed
928 2775 1128 2840 Aristonicus
1140 2777 1208 2859 ***)
1224 2777 1257 2839 in
1274 2775 1356 2840 libro

230 2878 269 2942 de
301 2877 386 2943 notis
420 2898 527 2957 ,snam
560 2877 650 2959 qvasi
682 2877 770 2941 exuit
797 2895 979 2958 personam,
1005 2877 1039 2940 id
1065 2899 1165 2942 unum
1193 2883 1357 2960 totumqve

233 2999 340 3062 agens,
369 2984 406 3042 ut
432 2999 510 3060 qvas
537 2980 744 3044 Aristarchus
770 2985 864 3043 notas
890 2979 1034 3044 versibus
1055 2980 1233 3046 Homericis
1256 3000 1356 3062 appo-

229 3086 348 3158 suerat,
377 3101 432 3145 eas
458 3081 616 3145 indicaret
643 3101 759 3163 easque
784 3081 831 3144 ita
857 3079 1043 3159 illustraret,
1065 3087 1102 3146 ut
1124 3102 1238 3146 causas
1261 3101 1356 3164 argn-

228 3189 399 3265 mentaqre
435 3183 614 3247 Aristarchi
653 3182 961 3266 observationesqve,
1000 3184 1114 3266 qvibus
1157 3184 1356 3249 stabiliendis

227 3284 302 3350 illae
329 3290 425 3350 notae
452 3285 651 3362 inservirent,
675 3290 888 3368 congereret.“
932 3285 1076 3370 (Lehrs.)
1114 3286 1194 3350 Item
1220 3286 1357 3351 Beccar-

229 3387 288 3452 dus
312 3388 451 3470 judicat:
481 3386 599 3471 „Qvum
628 3387 734 3470 diplen
763 3393 820 3452 aut
848 3388 1036 3453 asteriscum
1063 3388 1169 3451 versui
1196 3387 1357 3471 adjectam

331 3560 356 3626 *)
370 3559 435 3626 „Th
457 3557 577 3612 Bcccerd
600 3587 633 3599 -
655 3587 688 3598 -
711 3589 745 3598 -
767 3559 796 3611 in
818 3574 919 3612 errores
941 3557 1038 3612 incidit
1054 3555 1151 3623 varios,
1170 3570 1280 3623 qnorum
1296 3571 1357 3622 gra·

229 3644 351 3698 vissimns
375 3643 419 3698 hic
441 3645 490 3706 est,
514 3642 583 3710 qvod
597 3642 674 3711 juxta
692 3643 872 3707 scholiastam,
891 3642 936 3711 qvi
954 3641 1110 3709 scriptiones
1128 3641 1254 3708 quattuor
1271 3667 1304 3676 -
1323 3667 1356 3678 -

226 3730 255 3782 in
272 3746 355 3782 unum
381 3745 475 3798 corpus
501 3727 643 3796 redegerit,
672 3728 875 3796 epitomatorem
900 3727 1051 3780 introduxit
1077 3741 1157 3778 unum
1185 3723 1355 3784 scholiorum,

227 3827 304 3880 qvem
326 3811 487 3881 excerpendo
511 3811 663 3866 decertasse
687 3812 726 3865 ait
748 3828 814 3880 opus
833 3811 1001 3865 scholiastae.
1036 3811 1157 3864 Fuerunt
1174 3808 1253 3888 multi
1271 3808 1355 3877 epito-

227 3899 351 3962 matores,
369 3913 422 3950 non
440 3914 522 3961 nnus;
541 3913 589 3951 nec
606 3898 711 3951 ratione
730 3900 757 3951 et
774 3897 818 3950 via
836 3899 910 3950 certa
927 3895 1062 3964 progressi
1079 3897 1142 3948 sunt
1159 3893 1209 3956 illi,
1231 3893 1277 3947 sed
1296 3892 1357 3946 libi·

228 3981 285 4035 (lini
302 3996 366 4034 suae
383 3984 411 4034 11
427 3981 609 4050 negligentiae
621 3981 792 4051 indulgentes
807 3984 869 4036 sunt
884 3980 1008 4050 grassati,
1024 3980 1179 4035 omittentes
1194 3979 1263 4034 alins
1278 3977 1358 4032 alia.“

228 4065 263 4119 hd.
283 4064 435 4134 Sengeh.1,
454 4068 495 4120 41.

330 4150 367 4211 ⁸*)
381 4148 413 4202 V.
432 4148 524 4202 Lehrs.
542 4149 588 4202 Ar.
606 4166 651 4218 pp.
671 4153 712 4214 16,
732 4153 773 4219 17,
791 4153 833 4207 18.

330 4234 392 4303 1111)
402 4231 434 4286 V.
453 4231 549 4286 Snidas
568 4250 588 4286 s.
607 4232 780 4302 Ἀριστόνικος.
817 4236 901 4290 Lehrs
919 4237 964 4290 Ar.
983 4252 1008 4305 p.
1027 4239 1043 4292 6
1061 4251 1118 4304 sqq.
