3098 4874
325 357 365 418 22

386 545 436 606 11.
487 541 629 623 Deniqve
668 539 844 607 Ptolemaeo
883 541 1083 607 Ascalonitoe
1121 541 1292 624 explicatio
1324 541 1417 607 vocis

282 643 446 728 ἀμφικάρη,
470 643 612 726 qvamvis
635 643 703 708 sine
725 644 853 708 nomine
876 645 1017 709 auctoris
1039 643 1170 720 tradita,
1194 642 1303 708 deberi
1325 642 1415 708 vide-

282 749 345 809 tur.
391 745 437 808 Ol.
463 744 563 809 schol.
589 769 604 829 p
630 749 700 808 23·l.

386 846 534 911 Ceterum
567 847 606 910 de
638 846 833 924 auctoribus,
863 865 941 927 qvos
971 846 1089 930 allegat
1116 845 1313 929 Apollonius,
1342 844 1417 910 vide

283 948 407 1014 Villois.
431 949 665 1030 Prolegomena
687 969 740 1029 pp.
764 947 987 1011 XII—XXIX.

385 1050 525 1114 Lexicon
542 1049 738 1112 homericum
753 1070 818 1113 non
831 1049 901 1132 jam
919 1050 1087 1132 genuinam
1106 1049 1242 1114 formam
1261 1069 1414 1127 servasse,

283 1151 339 1215 sed
374 1156 569 1232 excerptum,
604 1150 796 1228 mutilatum,
830 1150 938 1214 multis
971 1151 1074 1215 modis
1107 1157 1294 1233 corruptum
1321 1149 1415 1215 nobis

283 1251 437 1316 traditum
471 1273 548 1330 esse,
580 1252 706 1335 jamdiu
734 1251 881 1317 omnibus
908 1257 1020 1317 notum
1047 1252 1116 1316 fuit.
1162 1253 1216 1316 Ait
1242 1252 1412 1317 Villoison:

284 1353 477 1433 „notandum
506 1359 554 1418 est
581 1354 718 1419 fortasse
746 1354 907 1437 Apollonii
935 1353 1060 1418 lexicon
1082 1354 1114 1417 in
1138 1354 1329 1436 quibusdam
1351 1375 1412 1420 non

284 1456 445 1540 integrum
473 1457 514 1522 ad
542 1477 600 1522 nos
626 1458 818 1540 pervenisse.
864 1457 982 1522 Omnes
1011 1457 1095 1521 enim
1123 1456 1190 1521 fere
1213 1457 1410 1540 grammatici

286 1559 480 1640 antiqviores
513 1560 670 1624 contracti
699 1566 730 1623 et
757 1559 895 1624 mutilati
923 1565 1006 1637 sunt,
1034 1580 1098 1624 uno
1126 1559 1262 1624 fortasse
1289 1559 1408 1642 Harpo-

287 1661 431 1724 cratione
459 1666 619 1740 excepto.“
663 1661 767 1742 Atque
796 1659 1001 1742 Apollonium
1025 1665 1225 1725 contractum
1248 1681 1327 1738 esse,
1352 1659 1412 1725 col-

286 1760 358 1842 ligit
386 1761 611 1842 comparandis
638 1762 722 1825 inter
748 1782 782 1826 se
804 1761 859 1826 illo
883 1767 914 1826 et
936 1761 1157 1845 Etymclogico
1181 1761 1299 1845 Magno
1323 1761 1365 1827 ad
1386 1783 1413 1825 v.

287 1863 397 1945 αἰζηος.
443 1861 532 1938 Qvod
559 1883 713 1944 prospere
740 1883 817 1927 sane
843 1863 897 1927 ille
920 1863 1053 1942 invenit,
1077 1883 1150 1927 nam
1174 1864 1258 1928 hanc
1281 1864 1414 1929 eandem

287 1966 561 2046 comparationem
584 1964 715 2029 uberem
739 1985 807 2029 esse
823 1964 953 2042 fontem,
971 1964 1055 2029 unde
1074 1969 1264 2047 argumenta
1280 1965 1322 2029 ad
1342 1984 1416 2029 con·

288 2065 445 2131 dicionem
467 2065 565 2142 lexici¹
584 2066 765 2131 mutilatam
787 2066 988 2148 probandam
1011 2064 1133 2130 affatim
1151 2065 1325 2148 profluant,
1342 2087 1417 2132 mox

288 2169 476 2234 videbimus.

390 2270 529 2335 Lexicon
557 2272 656 2354 igitur
683 2293 746 2336 non
771 2271 840 2354 jam
862 2272 1021 2354 integrum
1045 2291 1123 2348 esse,
1146 2271 1202 2335 sed
1224 2269 1416 2346 mutilatum,

288 2371 359 2452 ipsa
393 2371 461 2453 ejus
493 2371 591 2435 facies
621 2379 653 2437 et
680 2375 783 2438 forma
811 2372 883 2438 luce
911 2372 1029 2437 clarius
1057 2372 1188 2436 indicat.
1232 2371 1417 2435 Tenendum

288 2494 365 2537 sane
394 2479 451 2551 est,
480 2475 596 2556 quippe
624 2475 707 2557 qvod
729 2475 856 2540 lexicon
879 2495 895 2539 e
918 2475 1025 2538 multis
1048 2476 1206 2558 variisque
1228 2480 1260 2539 et
1283 2474 1416 2539 diversis

289 2574 430 2638 fontibus
458 2574 627 2640 collectum
656 2581 748 2654 esset,
777 2597 817 2640 ne
838 2577 942 2658 primo
966 2576 1092 2657 qvidem
1108 2574 1210 2659 'plane
1232 2575 1293 2640 sibi
1315 2575 1418 2640 simile

289 2682 321 2739 et
350 2682 499 2741 constans
523 2679 659 2742 existere
679 2679 837 2761 potuisse;
860 2699 934 2742 nam
957 2698 1162 2760 qvaecunqve
1185 2699 1202 2743 e
1225 2682 1419 2743 commenta-

289 2778 345 2842 riis
368 2778 523 2862 originem
545 2784 736 2863 repeterent,
761 2780 931 2844 disertiora
953 2785 984 2844 et
1007 2781 1187 2863 copiosiora
1209 2781 1307 2844 fuisse
1324 2799 1420 2862 qvam

290 2901 371 2961 qvae
389 2902 405 2945 e
421 2881 585 2964 glossariis
602 2888 730 2964 sumpta
742 2888 856 2962 essent,
868 2887 968 2964 patet.
993 2882 1112 2946 Tamen
1124 2883 1266 2966 singulos
1277 2881 1420 2964 ejusdem

291 2982 422 3063 originis
450 2985 602 3049 articulos
629 2985 714 3048 inter
741 3005 775 3049 se
803 2989 1014 3067 congruentes
1041 2991 1073 3048 et
1101 2985 1142 3049 ad
1166 2985 1298 3050 eandem
1321 2983 1421 3048 ratio-

292 3103 363 3146 nem
393 3085 586 3165 compositos
615 3085 713 3150 tuisse
739 3105 869 3150 necesse
897 3091 955 3164 eet,
983 3087 1017 3149 ni
1045 3085 1128 3151 forte
1149 3092 1298 3168 putemus
1321 3083 1422 3166 Apol-

292 3185 412 3249 lonium
436 3193 595 3268 agrestem
617 3193 649 3250 et
670 3187 828 3253 bonarum
851 3189 968 3253 artium
992 3187 1105 3252 rudem
1129 3187 1227 3248 fuisse
1248 3186 1423 3262 hominem,

292 3288 345 3369 qvi
367 3288 455 3352 nullo
479 3289 621 3366 consilio,
644 3290 734 3355 nulla
755 3291 889 3369 ratione,
913 3297 1033 3356 temere
1056 3292 1181 3351 tantum
1204 3289 1236 3346 et
1256 3282 1339 3346 sicut
1354 3285 1425 3352 fors

292 3389 418 3455 tulisset
451 3412 531 3472 opus
563 3412 654 3455 suum
689 3392 828 3474 undiqve
861 3392 1115 3457 consarcinasset
1143 3390 1175 3448 et
1204 3383 1421 3466 compilasset.

291 3493 334 3554 At
357 3491 458 3572 qvalis
481 3502 529 3556 eet
550 3492 644 3557 lexici
667 3493 765 3558 iacies
788 3515 826 3558 ac
850 3493 994 3558 condicio
1010 3488 1186 3554 hodierna?
1209 3486 1255 3551 Ut
1262 3486 1331 3570 jam
1344 3487 1422 3566 dixi,

292 3593 420 3658 articuli
448 3593 516 3675 ejus
544 3615 638 3676 qvam
666 3595 804 3660 maxime
830 3595 914 3657 inter
941 3613 975 3656 se
1002 3589 1155 3654 differunt
1177 3610 1215 3654 ac
1238 3589 1420 3672 compositi·

294 3697 364 3760 onis
397 3696 481 3760 ratio
515 3696 691 3759 communis
723 3697 762 3760 iis
797 3694 928 3759 subesse
960 3693 1086 3758 videtur
1113 3691 1212 3756 nulla.
1256 3691 1341 3756 Nam
1368 3691 1421 3772 qvi

294 3819 388 3879 qvam
403 3799 601 3884 integerrimi
617 3804 648 3863 et
662 3797 839 3880 plenissimi
854 3802 929 3862 sunt
944 3795 1080 3874 articuli,
1096 3796 1129 3859 in
1144 3796 1183 3859 iis
1199 3793 1325 3876 qvidem
1340 3793 1420 3874 ipsa,

294 3900 346 3962 cui
375 3900 540 3981 debentur,
564 3899 824 3967 commentatoris
846 3898 944 3964 verba
966 3898 1153 3981 plerumque
1175 3902 1326 3962 accurate
1348 3901 1423 3959 sunt

296 3999 467 4083 descripta,
499 4005 546 4068 ita
577 4011 614 4068 ut
640 4004 667 4068 is
695 4002 852 4086 qvomodo
879 4002 987 4067 locum
1014 4000 1220 4066 Homericum
1248 3997 1377 4080 legerit,
1391 4003 1423 4062 et

296 4102 474 4185 explicarit,
508 4125 663 4186 qvaenam
692 4104 877 4182 adversarii,
905 4123 997 4186 qvem
1026 4106 1238 4186 oppugnaret,
1265 4099 1361 4165 lectio
1391 4105 1423 4164 et

295 4205 465 4288 explicatio
487 4205 616 4285 fuerint,
640 4227 697 4270 cur
718 4207 816 4289 igitur
838 4211 924 4271 totus
946 4205 1037 4271 locus
1053 4209 1192 4280 notatus
1213 4201 1339 4267 disertis
1354 4220 1425 4267 ver·
