3098 4874
292 287 336 344 74

352 467 491 550 ἤλασαν
515 465 653 551 ἔσκαψαν.
677 466 724 528 ἐπὶ
748 467 809 550 (δὲ)
833 471 885 530 τοῦ
908 467 1035 551 «τάφρον
1060 467 1108 551 ἤλ.
1132 465 1165 528 Μ
1189 469 1218 543 5,
1242 467 1304 528 σἰντὶ
1326 470 1376 529 τοῦ

245 567 372 652 ὤρυξαν.
397 567 445 630 ἐπὶ
468 566 604 651 (Villois.
626 569 701 650 ἀπὸ)
725 567 780 652 γὰρ
803 571 855 630 τοῦ
879 568 991 644 ἐλάσαι,
1015 567 1033 630 ὅ
1055 567 1129 630 ἐστιν
1154 568 1186 630 ἐκ
1207 565 1308 651 χειρὸς
1325 591 1377 630 πα-

248 669 338 738 τάξαι·
361 670 409 731 καὶ
432 669 448 730 ὁ
473 669 608 732 σκάπτων
632 671 665 731 δὲ
687 669 720 731 ἐκ
740 667 841 753 χειρὸς
862 673 944 732 παιεῖ
958 669 1042 752 (cod.
1060 668 1177 754 aaran).
1212 668 1378 751 01.ωμω

248 772 401 834 ἐλαύνωσι
430 809 468 818 -
499 769 589 847 Qvod
617 791 691 835 vero
719 771 800 834 haec
828 791 890 836 vox
916 771 949 834 in
977 770 1057 834 duas
1085 770 1207 854 glossas
1235 769 1377 835 diversas

248 873 405 938 distracta
430 878 487 950 est,
515 873 577 937 hoc
605 872 719 936 docere
746 877 862 954 potest,
892 871 1050 953 qvomodo
1078 871 1202 936 lexicon
1231 878 1378 936 nostrum

244 975 459 1056 compositum
487 975 537 1038 sit.
584 973 687 1056 Saepe
720 976 802 1038 enim
837 973 970 1038 eandem
999 993 1118 1050 vocem,
1147 994 1243 1055 qvnm
1271 973 1377 1037 varias

246 1076 366 1140 habeat
388 1081 445 1140 ant
467 1075 587 1140 formas
609 1081 667 1139 ant
687 1077 841 1153 notiones,
866 1075 973 1158 plures
996 1073 1123 1139 efficere
1145 1073 1268 1156 glossas
1291 1073 1377 1138 vide·

246 1198 327 1241 mus.
371 1177 484 1258 Itaqve
518 1197 535 1240 e
569 1177 804 1241 commentariis
832 1177 1002 1240 homericis
1030 1175 1186 1240 vocabula
1214 1175 1377 1256 explicata

244 1283 399 1359 excerpta
432 1283 464 1342 et
497 1277 538 1342 ad
571 1277 752 1342 litterarum
785 1277 929 1342 ordinem
962 1276 1094 1340 redacta
1127 1297 1196 1341 esse
1212 1283 1375 1358 apparet.

247 1378 338 1456 Qvod
359 1385 476 1457 autem,
494 1400 574 1462 qvae
591 1401 609 1444 e
625 1401 746 1462 qvoqve
763 1378 919 1444 vocabulo
936 1385 1087 1443 emanant
1105 1378 1260 1455 notioneS,
1278 1377 1376 1441 aliam

247 1501 286 1544 ex
314 1481 379 1546 alia
407 1482 480 1545 duci
509 1487 541 1544 et
568 1481 610 1545 ad
638 1503 734 1544 unam
764 1481 853 1562 qvasi
882 1481 1059 1562 principem
1081 1480 1241 1544 notionem
1265 1499 1375 1542 omnes

244 1584 358 1648 referri
382 1583 533 1664 oportuit,
557 1584 618 1646 hoo
639 1603 795 1664 nusqvam
818 1581 885 1646 lere
907 1582 939 1644 in
961 1581 1064 1645 lexico
1081 1581 1202 1644 lactum
1218 1579 1372 1657 videmus,

245 1685 301 1749 sed
329 1686 474 1749 notiones
503 1685 645 1765 ejusdem
674 1685 768 1761 vocis,
797 1683 885 1746 nullo
912 1683 996 1746 inter
1019 1703 1052 1746 se
1074 1703 1167 1759 nexu,
1190 1683 1287 1745 immo
1311 1681 1375 1746 dis-

241 1785 348 1867 jectae
376 1791 408 1849 et
429 1785 513 1849 male
534 1786 618 1849 inter
641 1805 675 1848 se
699 1785 849 1867 digestae,
873 1788 1110 1847 enumerantur.
1133 1819 1176 1830 -
1199 1781 1262 1846 Sed
1285 1782 1374 1847 aliud

244 1907 366 1968 qvoqve
388 1888 606 1950 annotandum
629 1892 718 1968 puto.
763 1885 847 1950 Illud
869 1885 1008 1970 ἔσκαψαν,
1032 1885 1116 1967 qvod
1137 1885 1228 1948 initio
1245 1884 1371 1966 legitur,

243 1987 285 2052 ad
312 1989 448 2070 primam
477 1989 570 2053 lexici
599 1989 735 2053 formam
763 2011 827 2052 non
854 1988 1058 2070 pertinuisse,
1087 1987 1143 2051 sed
1171 2007 1188 2051 e
1216 1986 1372 2069 glossario

243 2089 381 2171 qvodam
413 2091 477 2154 huc
508 2091 676 2172 irrepsisse
708 2091 842 2156 videtur.
887 2089 1020 2154 Minime
1047 2089 1131 2152 enim
1160 2089 1370 2167 desideratur,

244 2211 316 2254 oum
343 2213 419 2255 mox
445 2192 584 2273 excipiat
605 2192 695 2258 locus
717 2201 842 2276 poetae,
865 2214 924 2276 per
945 2192 1058 2276 apoto
1081 2191 1268 2273 explicatus.
1314 2189 1370 2255 Ce-

242 2298 313 2356 tera
335 2295 514 2358 Aristarchi
537 2301 625 2375 sunt;
650 2297 689 2360 cf.
714 2296 805 2360 sholl.
829 2297 855 2360 Λ
878 2299 929 2359 68.
952 2294 986 2358 Μ
1010 2297 1038 2360 5.
1062 2293 1173 2358 1349.

344 2397 477 2479 ἥμονες
500 2397 669 2467 ἀκοντισταί,
692 2401 740 2462 καὶ
762 2401 885 2483 ἤματα
907 2399 942 2462 τὰ
966 2399 1217 2484 ἀκοντίσματα-
1231 2399 1370 2465 -Haec

150 2490 155 2501 '
243 2496 283 2561 ab
312 2497 499 2563 Aristarcho
528 2501 716 2578 mananseo,
739 2500 883 2566 indicant
904 2501 1014 2566 scholl.
1039 2501 1070 2564 Ψ
1092 2505 1164 2580 886,
1189 2505 1261 2565 891.
1307 2501 1369 2566 Sed

241 2604 393 2680 excerpta
415 2605 505 2678 sunt;
530 2621 627 2682 qnare
650 2623 667 2666 e
689 2601 800 2666 scholl.
825 2608 857 2666 et
877 2603 928 2666 Et.
952 2601 993 2666 Μ.
1019 2609 1159 2668 ceterum
1181 2603 1278 2686 plane
1295 2623 1369 2668 con-

241 2707 375 2782 gruente
398 2701 547 2767 addenda
569 2704 611 2768 sit
633 2705 836 2788 etymologia,
859 2727 954 2788 qvam
975 2705 1080 2788 Apoll.
1098 2727 1162 2770 non
1178 2705 1261 2770 solet
1277 2705 1368 2770 omit-

239 2806 317 2880 tere,
339 2812 434 2886 atqve
456 2807 545 2871 varia
567 2807 661 2872 lectio
685 2809 819 2894 ῥήμονες.
865 2807 912 2871 Cf.
929 2809 980 2872 Et.
997 2807 1040 2871 M.
1058 2809 1136 2892 ἧμαι
1160 2805 1192 2869 τὸ
1211 2806 1367 2890 ἀκόντισμα

236 2902 296 2966 ἀπὸ
320 2909 372 2966 τοῦ
393 2907 457 2990 topi
479 2913 531 2971 τοῦ
553 2909 660 2993 πέμπω
684 2911 771 2995 (inde
786 2931 845 2992 pro
862 2931 952 2975 more
968 2930 1025 2975 suo
1045 2910 1169 2974 diversa
1187 2909 1366 2992 νοοίοπαίθη

236 3010 416 3089 enumerat)
441 3047 482 3056 —
504 3034 530 3072 κ.
555 3013 640 3095 ἤμων
663 3013 679 3074 ὁ
702 3015 934 3097 ἀκοντιστής-
955 3050 1007 3074 —.

340 3111 468 3193 ἡρώων
491 3113 596 3180 πάντες
620 3116 646 3176 οἱ
667 3118 730 3177 κατ’
754 3115 861 3178 ἐκεῖνον
884 3115 932 3178 τὸν
954 3111 1054 3199 καιρὸν
1077 3116 1174 3198 ἥρωες
1197 3113 1364 3176 ἐκαλοῦντο.
1421 3103 1426 3112 ’

236 3207 288 3274 Ita
316 3211 412 3275 etiam
440 3213 548 3292 Arist,
577 3214 617 3279 cf.
645 3216 756 3281 scholl.
784 3217 815 3281 N
843 3221 915 3280 629.
943 3217 970 3280 Β
1001 3219 1071 3280 110.
1100 3215 1126 3278 0
1157 3219 1229 3278 230.
1252 3235 1270 3278 σ
1292 3218 1365 3280 423.

235 3311 270 3374 M
300 3317 369 3392 165,
399 3352 439 3362 -
468 3315 585 3381 additis
612 3324 752 3383 tantum:
781 3319 854 3404 πρὸς
877 3317 985 3404 Ἴστρον
1015 3319 1136 3402 λέγοντα
1164 3317 1271 3402 μόνους
1298 3319 1366 3386 τοὺς

235 3416 361 3500 βασιλεῖς
388 3419 490 3500 ἥρωας
517 3419 653 3502 λέγεσθαι
685 3420 732 3506 ὑφ’
753 3419 893 3508 Ὁμήρου.
938 3420 1082 3485 Eandem
1110 3439 1293 3501 perversam
1315 3421 1364 3484 in-

233 3518 498 3598 terpretationem
530 3527 643 3602 postea
676 3545 805 3588 rursum
832 3523 1014 3600 invaluisse,
1045 3543 1084 3586 ex
1111 3521 1162 3584 Et.
1192 3519 1234 3584 M.
1264 3520 1366 3603 conji-

234 3637 307 3683 cere
328 3618 412 3684 licet.

336 3725 419 3808 ἠώς.
465 3724 764 3792 0f.sn01.‹1>111.

337 3827 557 3912 ιςθαυμαίνω
592 3836 624 3894 ot
656 3831 857 3915 θαυμάζειν
890 3850 955 3894 non
988 3825 1178 3902 admirandi,
1207 3823 1264 3889 sed
1290 3843 1363 3906 spe·

234 3928 343 3992 ctandi
382 3930 543 3994 notionem
577 3932 706 3997 habent.
751 3931 921 3996 Admirare
954 3935 1060 3994 autern
1094 3933 1143 3992 est
1174 3927 1360 4001 θεοῖσθαι,

230 4029 441 4192 gcpdmirandus
467 4032 626 4116 denrtrf‘
670 4033 708 4097 in
731 4032 865 4099 eandem
888 4031 1079 4098 sententiam
1101 4027 1215 4094 scholl.
1238 4027 1262 4090 Σ
1284 4030 1359 4091 496.

280 4135 351 4196 394.
