3108 4870
1190 387 1230 446 87

135 567 193 629 θεν
217 565 315 629 etiem
337 565 371 629 in
392 564 494 630 Iliade
515 567 670 648 temporis
691 567 956 650 significationem
977 568 1106 644 habere¹
1123 568 1276 634 adversus

135 673 211 736 τοῖς
238 669 427 753 χωρίζοντας,
457 668 510 749 qvi
538 669 571 731 in
599 668 743 752 Odyssea
769 675 893 734 tantum
924 676 955 734 et
983 671 1136 751 temporis
1159 677 1191 734 et
1212 671 1276 736 loci

137 773 305 836 notionem
338 770 414 834 huic
447 770 626 851 particulae
657 771 854 849 tribuebant,
876 773 910 836 in
932 771 1033 836 Iliade
1055 793 1131 836 vero
1153 778 1276 854 tempo-

137 873 187 936 ris
210 871 340 937 notione
364 892 435 935 eam
458 892 569 936 carere
585 872 749 950 dicebant3
767 873 878 938 scholl.
895 873 926 938 H
941 877 1014 938 476.
1029 872 1053 935 Δ
1069 878 1140 936 734.
1156 874 1187 936 Χ
1205 878 1274 938 197.

246 975 472 1058 παροίτεροι.
519 973 717 1038 (16111459.

246 1075 336 1158 πέζη
361 1075 480 1158 [suppl.
504 1081 602 1158 caput
617 1075 742 1159 glossae
758 1077 805 1140 ἐπὶ
819 1081 934 1162 πρώτῃ,
951 1079 1034 1160 qvod
1050 1085 1139 1144 extat
1154 1079 1179 1144 Ω
1196 1083 1273 1165 272)

133 1180 183 1263 τῷ
207 1176 288 1263 ἄκρῳ
311 1181 364 1240 τοῦ
387 1179 491 1262 ῥυμοῦ.
537 1177 619 1242 Item
642 1177 740 1242 schel.
765 1177 786 1241 l.
809 1178 830 1242 l.

247 1282 477 1364 πειρήσοντα.
502 1303 541 1338 z
565 1279 631 1343 seh.
655 1278 687 1342 M
712 1283 784 1342 301.
839 1349 841 1352 ¹

246 1382 441 1466 περιβῆναι
462 1380 534 1444 vide
555 1381 761 1465 ἀμφίβασις.

246 1485 413 1568 περιωπή
431 1483 518 1551 τύπος
536 1483 647 1567 ὑψηλὸς
664 1485 724 1545 κτλ.
738 1483 817 1546 Item
831 1483 897 1546 fere
909 1483 933 1546 Ξ
946 1487 965 1546 8
977 1484 1078 1550 Lehrs
1089 1489 1145 1550 Ar.
1157 1509 1189 1569 p.
1205 1491 1275 1550 150.

247 1586 497 1668 πευκαλίμῃσι
523 1588 584 1652 ταῖς
606 1591 719 1668 πικραῖς
741 1609 767 1647 κ.
792 1589 923 1654 συνεταῖς
946 1589 1039 1671 φρεσί.
1064 1587 1118 1671 (cf.
1141 1588 1193 1652 Et.
1216 1589 1274 1672 M.)

132 1713 169 1750 κ.
193 1688 416 1752 πευκεδανὸν
439 1689 471 1750 τὸ
494 1688 604 1772 πικρὸν,
628 1689 685 1750 ἀπὸ
710 1693 763 1772 τῆς
785 1687 906 1772 πεύκης,
928 1713 955 1752 κ.
979 1714 1063 1754 πευκ.
1084 1691 1212 1775 πόλεμον
1228 1693 1276 1754 τὸν

139 1791 243 1874 πικρὸν
272 1794 485 1874 μεταφορικῶς,
515 1790 580 1852 ἐπεὶ
607 1794 723 1853 πολλῶν
752 1791 842 1859 αἴτιος
863 1797 971 1854 κακῶν.
1015 1793 1139 1858 Eadem
1161 1794 1229 1858 fere
1251 1815 1276 1858 s.

141 1893 355 1977 ἐχεπευκές.
401 1893 441 1957 cf.
465 1894 530 1958 sch.
553 1895 583 1956 A
605 1895 643 1955 51
669 1895 753 1978 ἐχεπ.
777 1895 821 1958 ὅτι
844 1901 1047 1980 μεταφορικῶς
1069 1897 1127 1959 ἀπὸ
1142 1902 1195 1980 τῆς
1210 1897 1277 1960 πεύ-

139 2019 206 2079 κης.
252 1995 420 2078 „Fortasse
447 1996 509 2060 hoc
536 1995 710 2060 Aristonici
738 1999 802 2060 est“
825 1997 1026 2062 Friedlaend.
1071 1998 1211 2062 Ariston.
1236 2038 1278 2047 -

141 2097 191 2162 Of.
219 2098 271 2162 Et.
301 2097 343 2161 Μ.
373 2099 555 2182 πευκαλίμας
583 2097 705 2182 φρένας;
735 2099 794 2162 οἷον
822 2099 952 2182 δριμείας
979 2123 1006 2161 κ.
1030 2101 1194 2183 σώφρονας.
1218 2101 1276 2161 ἀπὸ

140 2201 177 2262 δὲ
205 2205 258 2284 τῆς
285 2225 316 2264 π.
347 2203 366 2284 ἡ
398 2201 560 2286 μεταφοραί.
606 2199 735 2263 Curtius
764 2200 869 2282 Etym.
901 2201 967 2282 ⁵p.
994 2203 1055 2262 164
1078 2199 1174 2264 etiam
1196 2201 1276 2264 haee

141 2301 257 2386 πικρύς,
284 2302 471 2378 πευκεδανύς,
494 2305 685 2387 πευκοὶλιμος,
707 2301 867 2386 ἐχέπευκες
889 2301 931 2366 ab
954 2301 1064 2366 eadem
1088 2301 1277 2367 radicetur

141 2405 274 2485 repetit,
297 2405 542 2487 suspicaturqve
565 2425 604 2469 ea
627 2427 699 2468 cum
722 2405 815 2488 πεύκη
839 2425 985 2469 connexa
1006 2425 1086 2470 esse.

250 2507 388 2590 πλῆξαι.
434 2506 507 2571 sch.
530 2507 558 2571 E
583 2512 654 2570 147.
698 2507 799 2571 Lehre
821 2508 877 2571 Ar.
902 2511 952 2572 66.

249 2611 353 2694 ποινή
382 2608 536 2677 ἀντέκτισις
565 2609 634 2694 [sic.
663 2630 703 2674 ex
731 2630 778 2692 gr.
806 2608 834 2672 E
864 2612 936 2673 266.
979 2609 1031 2674 Et.
1060 2609 1113 2672 M.:
1137 2609 1277 2676 ἐπέκτισις

143 2735 171 2774 κ.
195 2712 342 2796 τιμωρία]·
365 2713 472 2796 κυρίως
494 2712 528 2774 δὲ
548 2713 601 2796 τὴν
625 2712 696 2794 ὑπὲρ
712 2711 803 2796 φύνου
820 2711 938 2796 [ζημίαν
954 2711 1033 2794 λέγει
1046 2711 1098 2774 Ε1.
1114 2711 1171 2794 Μ.]
1187 2710 1277 2774 Idem

143 2833 223 2876 usus
251 2813 370 2894 duplex
398 2813 587 2878 observatur
608 2814 642 2876 in
664 2812 765 2878 schol.
788 2813 816 2878 Ε
840 2817 912 2877 266.
955 2813 1056 2878 Lehrs
1079 2815 1134 2876 Ar.
1157 2833 1190 2895 p.
1216 2815 1276 2875 150

145 2914 186 2979 cf.
210 2913 234 2978 Γ
257 2917 319 2978 285
343 2916 400 3000 (:
423 2915 578 3000 ἐπιτίμον).

249 3017 474 3086 πολύκεστος
507 3017 721 3102 ,πολυκέντητος
754 3017 938 3102 [πολύραφυς
970 3016 1044 3080 add.
1072 3017 1124 3082 Et.
1152 3017 1220 3102 Μ.],
1249 3017 1278 3086 ἐξ

140 3118 180 3182 ού
208 3119 256 3182 τὸν
286 3120 414 3184 ποικιλον
441 3120 522 3183 θέλει
544 3123 652 3204 δηλοῦν
676 3120 737 3205 [διὰ
759 3120 810 3188 τὰς
833 3121 928 3205 ῥαφάς
950 3119 1024 3184 add.
1047 3119 1184 3204 scholl.].
1230 3120 1277 3185 Of.

144 3221 213 3286 seh.
236 3221 261 3284 Γ
284 3225 344 3286 371
369 3223 557 3288 adverbum
575 3222 707 3287 ferehis
723 3221 933 3287 consentiens.
957 3220 1039 3285 Vide
1054 3242 1154 3304 supra
1168 3222 1277 3290 κεστός.

250 3326 508 3410 πρεσβυτάτην
532 3325 731 3409 ἐντιμοτάτην.
776 3324 858 3388 Item
880 3323 979 3388 schol.
1004 3322 1028 3385 Δ
1051 3327 1101 3400 59,
1125 3344 1216 3406 qvem
1232 3322 1278 3387 lo·

141 3449 220 3492 cum
247 3427 309 3492 lex.
337 3427 497 3510 respicere
520 3427 655 3492 videtur.
679 3465 719 3476 —
742 3426 839 3490 Ded
862 3429 924 3488 787
947 3425 1073 3490 lexcion
1096 3425 1187 3490 dicit:
1209 3425 1278 3489 καθ’

144 3529 260 3614 ἡλικίαν
287 3532 384 3613 ἡμεῖς.
428 3530 512 3594 Prae
538 3533 624 3614 ἡμεῖς
650 3528 854 3594 inserendum
881 3532 960 3610 puto
988 3531 1039 3604 ῶς,
1062 3548 1138 3592 nam
1160 3533 1196 3592 ut
1218 3549 1280 3592 vox

142 3631 188 3696 de
211 3636 317 3696 aetate
340 3632 370 3695 h.
394 3630 416 3694 l.
439 3630 646 3714 intelligatur,
669 3651 781 3695 sensus
802 3629 955 3713 postulat.
989 3629 1277 3711 cf.sch01.supra.

250 3735 390 3818 πρηνής
412 3733 428 3795 ὁ
451 3733 499 3796 ἐπὶ
519 3731 675 3818 πρόσωπον
698 3735 870 3808 πεπτωκῶς,
893 3733 951 3795 ἀπὸ
974 3735 1026 3794 τοῦ
1048 3729 1278 3815 προνενευκέναι.

146 3832 307 3898 Videntur
327 3835 417 3910 haec,
438 3834 534 3899 modo
554 3835 587 3898 in
603 3835 770 3917 angustius
786 3839 994 3912 contractam,
1011 3832 1143 3896 eandem
1159 3831 1280 3896 habere

142 3937 339 4002 sententiam
364 3942 458 4018 atqve
479 3935 583 4020 Etym.
606 3935 650 4000 M.
674 3957 699 4000 s,
722 3957 750 4000 v.
774 3958 827 4020 πρε
850 3935 891 4002 είς
913 3933 1126 4019 τοῦμπροσθεν,
1145 3933 1194 3996 ἐπὶ
1218 3933 1280 3999 στύ·

144 4061 252 4122 ματος,
280 4039 328 4102 ἐπὶ
354 4041 524 4124 προσώπου.
554 4039 635 4123 παρὰ
656 4039 689 4102 τὸ
711 4037 812 4123 πρύσω
835 4035 997 4100 νενευκέναι
1041 4035 1082 4100 Of
1101 4037 1168 4101 sch.
1191 4035 1215 4099 Z
1239 4041 1278 4100 43

145 4143 169 4224 ἢ
198 4141 287 4226 διπλῆ
316 4141 361 4205 ὅτι
388 4141 550 4226 ἐξηγήσατο
578 4141 607 4204 τί
630 4140 690 4204 ἐστι
717 4141 749 4203 τὸ
777 4142 901 4224 πρηνής.
944 4137 1088 4204 Scilicet:
1117 4139 1165 4204 ἐπὶ
1185 4139 1280 4223 στόμα

148 4242 197 4327 (iu
221 4243 332 4309 eodem
356 4251 474 4324 versu).
940 4259 942 4263 ·
1098 4290 1104 4296 -
