<?xml version="1.0" encoding="UTF-8"?>
<!DOCTYPE html PUBLIC "-//W3C//DTD XHTML 1.0 Transitional//EN"
    "http://www.w3.org/TR/xhtml1/DTD/xhtml1-transitional.dtd">
<html xmlns="http://www.w3.org/1999/xhtml" xml:lang="en" lang="en">
 <head>
  <title>
</title>
<meta http-equiv="Content-Type" content="text/html;charset=utf-8" />
  <meta name='ocr-system' content='tesseract 3.04.00' />
  <meta name='ocr-capabilities' content='ocr_page ocr_carea ocr_par ocr_line ocrx_word'/>
</head>
<body>
  <div class='ocr_page' id='page_1' title='image "./dearistarcholex00forsgoog_0079.png"; bbox 0 0 3098 4874; ppageno 0'>
   <div class='ocr_carea' id='block_1_1' title="bbox 297 254 338 312">
    <p class='ocr_par' dir='ltr' id='par_1_1' title="bbox 297 254 338 312">
     <span class='ocr_line' id='line_1_1' title="bbox 297 254 338 312; baseline 0 0"><span class='ocrx_word' id='word_1_1' title='bbox 297 254 338 312; x_wconf 82' lang='lat'><strong>72</strong></span> 
     </span>
    </p>
   </div>
   <div class='ocr_carea' id='block_1_2' title="bbox 250 433 1400 4178">
    <p class='ocr_par' dir='ltr' id='par_1_2' title="bbox 250 433 1395 828">
     <span class='ocr_line' id='line_1_2' title="bbox 357 433 1395 520; baseline 0.002 -22"><span class='ocrx_word' id='word_1_2' title='bbox 357 435 389 520; x_wconf 85' lang='lat'><strong>3)</strong></span> <span class='ocrx_word' id='word_1_3' title='bbox 415 434 546 520; x_wconf 83' lang='grc' dir='ltr'>(ψιλούμ.</span> <span class='ocrx_word' id='word_1_4' title='bbox 573 459 599 497; x_wconf 90' lang='grc' dir='ltr'><strong>κ.</strong></span> <span class='ocrx_word' id='word_1_5' title='bbox 624 439 755 519; x_wconf 85' lang='grc' dir='ltr'>περιοπ.)</span> <span class='ocrx_word' id='word_1_6' title='bbox 779 435 865 516; x_wconf 80' lang='grc' dir='ltr'>δηλοῖ</span> <span class='ocrx_word' id='word_1_7' title='bbox 883 434 916 496; x_wconf 78' lang='grc' dir='ltr'><strong>δὲ</strong></span> <span class='ocrx_word' id='word_1_8' title='bbox 937 435 985 496; x_wconf 86' lang='grc' dir='ltr'><strong>καὶ</strong></span> <span class='ocrx_word' id='word_1_9' title='bbox 1008 433 1088 518; x_wconf 80' lang='grc' dir='ltr'>ρῆμοι</span> <span class='ocrx_word' id='word_1_10' title='bbox 1111 437 1143 498; x_wconf 78' lang='grc' dir='ltr'><strong>τὸ</strong></span> <span class='ocrx_word' id='word_1_11' title='bbox 1167 435 1252 520; x_wconf 85' lang='grc' dir='ltr'>ἔφη·</span> <span class='ocrx_word' id='word_1_12' title='bbox 1277 436 1312 520; x_wconf 63' lang='grc' dir='ltr'><strong>ι,ἦ</strong></span> <span class='ocrx_word' id='word_1_13' title='bbox 1335 440 1395 500; x_wconf 84' lang='grc' dir='ltr'><strong>καὶ</strong></span> 
     </span>
     <span class='ocr_line' id='line_1_3' title="bbox 253 534 1394 622; baseline 0.002 -21"><span class='ocrx_word' id='word_1_14' title='bbox 253 537 424 620; x_wconf 61' lang='grc' dir='ltr'>κυανέῃσιν*</span> <span class='ocrx_word' id='word_1_15' title='bbox 454 537 496 620; x_wconf 88' lang='lat' dir='ltr'><strong>(A</strong></span> <span class='ocrx_word' id='word_1_16' title='bbox 530 536 616 622; x_wconf 82' lang='lat'><strong>528).</strong></span> <span class='ocrx_word' id='word_1_17' title='bbox 651 573 691 586; x_wconf 90' lang='lat'><em>-</em></span> <span class='ocrx_word' id='word_1_18' title='bbox 726 535 851 610; x_wconf 80' lang='lat' dir='ltr'><strong>Omisit,</strong></span> <span class='ocrx_word' id='word_1_19' title='bbox 885 534 968 616; x_wconf 84' lang='lat' dir='ltr'><strong>qvod</strong></span> <span class='ocrx_word' id='word_1_20' title='bbox 1003 534 1042 599; x_wconf 91' lang='lat' dir='ltr'><strong>de</strong></span> <span class='ocrx_word' id='word_1_21' title='bbox 1076 555 1135 600; x_wconf 87' lang='lat' dir='ltr'><strong>usu</strong></span> <span class='ocrx_word' id='word_1_22' title='bbox 1168 537 1264 620; x_wconf 90' lang='lat' dir='ltr'><strong>hujus</strong></span> <span class='ocrx_word' id='word_1_23' title='bbox 1297 537 1394 603; x_wconf 85' lang='lat' dir='ltr'><strong>verbi</strong></span> 
     </span>
     <span class='ocr_line' id='line_1_4' title="bbox 254 637 1389 726; baseline -0.001 -21"><span class='ocrx_word' id='word_1_24' title='bbox 254 640 382 724; x_wconf 86' lang='lat' dir='ltr'><strong>egregie</strong></span> <span class='ocrx_word' id='word_1_25' title='bbox 404 639 585 703; x_wconf 81' lang='lat' dir='ltr'><strong>observavit</strong></span> <span class='ocrx_word' id='word_1_26' title='bbox 606 639 715 702; x_wconf 81' lang='lat' dir='ltr'><strong>Arist:</strong></span> <span class='ocrx_word' id='word_1_27' title='bbox 739 639 782 702; x_wconf 81' lang='grc' dir='ltr'><strong>ὅτι</strong></span> <span class='ocrx_word' id='word_1_28' title='bbox 804 637 854 701; x_wconf 80' lang='grc' dir='ltr'><strong>ἐπί</strong></span> <span class='ocrx_word' id='word_1_29' title='bbox 872 655 926 700; x_wconf 84' lang='grc' dir='ltr'>τἰσι</span> <span class='ocrx_word' id='word_1_30' title='bbox 947 638 1168 722; x_wconf 84' lang='grc' dir='ltr'>προειρημένοις</span> <span class='ocrx_word' id='word_1_31' title='bbox 1189 640 1300 704; x_wconf 77' lang='grc' dir='ltr'>τίθεται</span> <span class='ocrx_word' id='word_1_32' title='bbox 1314 639 1389 726; x_wconf 86' lang='grc' dir='ltr'>παρ’</span> 
     </span>
     <span class='ocr_line' id='line_1_5' title="bbox 250 739 1162 828; baseline -0.007 -20"><span class='ocrx_word' id='word_1_33' title='bbox 250 739 370 828; x_wconf 81' lang='grc' dir='ltr'>Ὁμήρῳ</span> <span class='ocrx_word' id='word_1_34' title='bbox 393 742 426 803; x_wconf 83' lang='grc' dir='ltr'><strong>τὸ</strong></span> <span class='ocrx_word' id='word_1_35' title='bbox 448 740 479 825; x_wconf 83' lang='grc' dir='ltr'><strong>ἧ,</strong></span> <span class='ocrx_word' id='word_1_36' title='bbox 502 740 556 803; x_wconf 77' lang='grc' dir='ltr'><strong>οὐκ</strong></span> <span class='ocrx_word' id='word_1_37' title='bbox 580 742 610 803; x_wconf 90' lang='grc' dir='ltr'><strong>έν</strong></span> <span class='ocrx_word' id='word_1_38' title='bbox 633 741 713 826; x_wconf 80' lang='grc' dir='ltr'>ἀρχῇ</span> <span class='ocrx_word' id='word_1_39' title='bbox 738 740 832 822; x_wconf 77' lang='grc' dir='ltr'>λόγων</span> <span class='ocrx_word' id='word_1_40' title='bbox 856 740 937 821; x_wconf 87' lang='lat' dir='ltr'><strong>(sch.</strong></span> <span class='ocrx_word' id='word_1_41' title='bbox 961 740 1002 803; x_wconf 91' lang='lat' dir='ltr'><strong>ad</strong></span> <span class='ocrx_word' id='word_1_42' title='bbox 1024 739 1053 802; x_wconf 89' lang='lat' dir='ltr'><strong>Y</strong></span> <span class='ocrx_word' id='word_1_43' title='bbox 1078 742 1162 822; x_wconf 83' lang='lat'>114).</span> 
     </span>
    </p>

    <p class='ocr_par' dir='ltr' id='par_1_3' title="bbox 255 840 1396 1130">
     <span class='ocr_line' id='line_1_6' title="bbox 358 840 1396 928; baseline 0.001 -23"><span class='ocrx_word' id='word_1_44' title='bbox 358 847 391 918; x_wconf 91' lang='grc'><strong>4)</strong></span> <span class='ocrx_word' id='word_1_45' title='bbox 419 843 593 928; x_wconf 70' lang='grc' dir='ltr'>φιλούμενον</span> <span class='ocrx_word' id='word_1_46' title='bbox 621 844 725 905; x_wconf 80' lang='grc' dir='ltr'>δὲκαὶ</span> <span class='ocrx_word' id='word_1_47' title='bbox 748 840 946 927; x_wconf 86' lang='grc' dir='ltr'>βαρυνόμενον</span> <span class='ocrx_word' id='word_1_48' title='bbox 969 841 1056 923; x_wconf 84' lang='grc' dir='ltr'>δηλοῖ</span> <span class='ocrx_word' id='word_1_49' title='bbox 1075 841 1234 926; x_wconf 80' lang='grc' dir='ltr'>σύνδεσμον</span> <span class='ocrx_word' id='word_1_50' title='bbox 1258 844 1396 914; x_wconf 61' lang='lat' dir='ltr'><strong>trudenu-</strong></span> 
     </span>
     <span class='ocr_line' id='line_1_7' title="bbox 255 943 1393 1030; baseline 0 -22"><span class='ocrx_word' id='word_1_51' title='bbox 255 945 342 1020; x_wconf 82' lang='grc' dir='ltr'>τικόν,</span> <span class='ocrx_word' id='word_1_52' title='bbox 371 946 406 1028; x_wconf 61' lang='lat' dir='ltr'><strong>,q</strong></span> <span class='ocrx_word' id='word_1_53' title='bbox 435 944 469 1008; x_wconf 82' lang='grc' dir='ltr'><strong>εὖ</strong></span> <span class='ocrx_word' id='word_1_54' title='bbox 497 947 534 1030; x_wconf 71' lang='lat' dir='ltr'><strong>qt</strong></span> <span class='ocrx_word' id='word_1_55' title='bbox 561 949 674 1012; x_wconf 78' lang='grc' dir='ltr'>κακῶς“</span> <span class='ocrx_word' id='word_1_56' title='bbox 704 943 745 1026; x_wconf 87' lang='grc' dir='ltr'><strong>(Β</strong></span> <span class='ocrx_word' id='word_1_57' title='bbox 774 946 863 1025; x_wconf 84' lang='lat'><strong>253).</strong></span> <span class='ocrx_word' id='word_1_58' title='bbox 907 943 980 1007; x_wconf 90' lang='lat' dir='ltr'><strong>Huc</strong></span> <span class='ocrx_word' id='word_1_59' title='bbox 1002 943 1227 1008; x_wconf 84' lang='lat' dir='ltr'><strong>assumendum</strong></span> <span class='ocrx_word' id='word_1_60' title='bbox 1252 944 1393 1022; x_wconf 85' lang='lat' dir='ltr'><strong>videtur,</strong></span> 
     </span>
     <span class='ocr_line' id='line_1_8' title="bbox 257 1045 786 1130; baseline -0.009 -18"><span class='ocrx_word' id='word_1_61' title='bbox 257 1047 340 1130; x_wconf 86' lang='lat' dir='ltr'><strong>qvod</strong></span> <span class='ocrx_word' id='word_1_62' title='bbox 364 1046 473 1128; x_wconf 84' lang='lat' dir='ltr'><strong>paullo</strong></span> <span class='ocrx_word' id='word_1_63' title='bbox 496 1046 629 1110; x_wconf 84' lang='lat' dir='ltr'><strong>inferius</strong></span> <span class='ocrx_word' id='word_1_64' title='bbox 653 1045 786 1126; x_wconf 85' lang='lat' dir='ltr'><strong>legitur:</strong></span> 
     </span>
    </p>

    <p class='ocr_par' dir='ltr' id='par_1_4' title="bbox 255 1145 1400 4178">
     <span class='ocr_line' id='line_1_9' title="bbox 357 1145 1395 1232; baseline 0.002 -22"><span class='ocrx_word' id='word_1_65' title='bbox 357 1147 408 1231; x_wconf 80' lang='grc' dir='ltr'><strong>ἠέ.</strong></span> <span class='ocrx_word' id='word_1_66' title='bbox 454 1147 656 1232; x_wconf 83' lang='grc' dir='ltr'>βαρυνομένης</span> <span class='ocrx_word' id='word_1_67' title='bbox 680 1152 732 1230; x_wconf 81' lang='grc' dir='ltr'><strong>τῆς</strong></span> <span class='ocrx_word' id='word_1_68' title='bbox 748 1145 899 1230; x_wconf 82' lang='grc' dir='ltr'>προτέρας·</span> <span class='ocrx_word' id='word_1_69' title='bbox 917 1145 962 1228; x_wconf 83' lang='lat' dir='ltr'><strong>(h.</strong></span> <span class='ocrx_word' id='word_1_70' title='bbox 981 1165 1006 1208; x_wconf 92' lang='lat' dir='ltr'><strong>e.</strong></span> <span class='ocrx_word' id='word_1_71' title='bbox 1025 1166 1124 1226; x_wconf 89' lang='lat' dir='ltr'><strong>quum</strong></span> <span class='ocrx_word' id='word_1_72' title='bbox 1141 1146 1247 1227; x_wconf 86' lang='lat' dir='ltr'><strong>prima</strong></span> <span class='ocrx_word' id='word_1_73' title='bbox 1265 1146 1395 1229; x_wconf 76' lang='lat' dir='ltr'><strong>syllaba</strong></span> 
     </span>
     <span class='ocr_line' id='line_1_10' title="bbox 258 1248 1398 1333; baseline -0.002 -19"><span class='ocrx_word' id='word_1_74' title='bbox 258 1255 392 1314; x_wconf 89' lang='lat' dir='ltr'><strong>accentu</strong></span> <span class='ocrx_word' id='word_1_75' title='bbox 431 1270 495 1313; x_wconf 89' lang='lat' dir='ltr'><strong>non</strong></span> <span class='ocrx_word' id='word_1_76' title='bbox 529 1257 577 1314; x_wconf 90' lang='lat' dir='ltr'><strong>est</strong></span> <span class='ocrx_word' id='word_1_77' title='bbox 605 1252 730 1326; x_wconf 86' lang='lat' dir='ltr'><strong>notata)</strong></span> <span class='ocrx_word' id='word_1_78' title='bbox 766 1248 925 1329; x_wconf 80' lang='grc' dir='ltr'>σύνδεσμος</span> <span class='ocrx_word' id='word_1_79' title='bbox 957 1248 1152 1317; x_wconf 67' lang='lat' dir='ltr'><strong>brutescunt&lt;</strong></span> <span class='ocrx_word' id='word_1_80' title='bbox 1184 1249 1303 1328; x_wconf 78' lang='grc' dir='ltr'>γίνεται,</span> <span class='ocrx_word' id='word_1_81' title='bbox 1338 1250 1398 1333; x_wconf 61' lang='lat' dir='ltr'><strong>„qe</strong></span> 
     </span>
     <span class='ocr_line' id='line_1_11' title="bbox 257 1348 1392 1436; baseline 0.001 -24"><span class='ocrx_word' id='word_1_82' title='bbox 257 1350 410 1434; x_wconf 77' lang='grc' dir='ltr'>διατμηξαι</span> <span class='ocrx_word' id='word_1_83' title='bbox 431 1354 527 1414; x_wconf 83' lang='grc' dir='ltr'>κοῖλον</span> <span class='ocrx_word' id='word_1_84' title='bbox 546 1351 616 1436; x_wconf 85' lang='grc' dir='ltr'>δόρυ</span> <span class='ocrx_word' id='word_1_85' title='bbox 633 1351 716 1436; x_wconf 80' lang='grc' dir='ltr'>νηλέϊ</span> <span class='ocrx_word' id='word_1_86' title='bbox 732 1351 847 1436; x_wconf 76' lang='grc' dir='ltr'>χαλκῷ,</span> <span class='ocrx_word' id='word_1_87' title='bbox 869 1350 906 1433; x_wconf 81' lang='grc' dir='ltr'><strong>ἠὲ</strong></span> <span class='ocrx_word' id='word_1_88' title='bbox 922 1348 996 1411; x_wconf 83' lang='grc' dir='ltr'>κατὰ</span> <span class='ocrx_word' id='word_1_89' title='bbox 1014 1355 1126 1432; x_wconf 84' lang='grc' dir='ltr'>πετρῶν</span> <span class='ocrx_word' id='word_1_90' title='bbox 1147 1352 1226 1430; x_wconf 91' lang='lat' dir='ltr'><strong>(non</strong></span> <span class='ocrx_word' id='word_1_91' title='bbox 1242 1350 1392 1433; x_wconf 83' lang='grc' dir='ltr'>πετράων.</span> 
     </span>
     <span class='ocr_line' id='line_1_12' title="bbox 257 1450 1393 1539; baseline 0 -25"><span class='ocrx_word' id='word_1_92' title='bbox 257 1452 276 1536; x_wconf 82' lang='grc' dir='ltr'><strong>ἢ</strong></span> <span class='ocrx_word' id='word_1_93' title='bbox 305 1452 379 1514; x_wconf 80' lang='grc' dir='ltr'>κατὰ</span> <span class='ocrx_word' id='word_1_94' title='bbox 407 1453 541 1538; x_wconf 80' lang='grc' dir='ltr'>πετράων</span> <span class='ocrx_word' id='word_1_95' title='bbox 571 1453 683 1539; x_wconf 83' lang='grc' dir='ltr'>βαλέειν</span> <span class='ocrx_word' id='word_1_96' title='bbox 707 1453 818 1536; x_wconf 87' lang='lat' dir='ltr'><strong>vulgo)</strong></span> <span class='ocrx_word' id='word_1_97' title='bbox 843 1450 971 1537; x_wconf 77' lang='grc' dir='ltr'>βαλέειν“</span> <span class='ocrx_word' id='word_1_98' title='bbox 996 1451 1030 1535; x_wconf 84' lang='lat' dir='ltr'><strong>(o</strong></span> <span class='ocrx_word' id='word_1_99' title='bbox 1054 1453 1140 1532; x_wconf 73' lang='lat' dir='ltr'><strong>557J·</strong></span> <span class='ocrx_word' id='word_1_100' title='bbox 1164 1452 1393 1535; x_wconf 87' lang='grc' dir='ltr'>περισπωμένης</span> 
     </span>
     <span class='ocr_line' id='line_1_13' title="bbox 259 1551 1394 1644; baseline 0.001 -29"><span class='ocrx_word' id='word_1_101' title='bbox 259 1555 291 1616; x_wconf 80' lang='grc' dir='ltr'><strong>δὲ</strong></span> <span class='ocrx_word' id='word_1_102' title='bbox 313 1559 366 1637; x_wconf 83' lang='grc' dir='ltr'><strong>τῆς</strong></span> <span class='ocrx_word' id='word_1_103' title='bbox 388 1554 531 1638; x_wconf 90' lang='grc' dir='ltr'>προτέρας</span> <span class='ocrx_word' id='word_1_104' title='bbox 553 1555 771 1644; x_wconf 73' lang='grc' dir='ltr'>ᾀπορηματικὸς</span> <span class='ocrx_word' id='word_1_105' title='bbox 793 1553 954 1636; x_wconf 81' lang='grc' dir='ltr'>σύνδεσμος</span> <span class='ocrx_word' id='word_1_106' title='bbox 978 1551 1032 1634; x_wconf 87' lang='lat' dir='ltr'><strong>(cf.</strong></span> <span class='ocrx_word' id='word_1_107' title='bbox 1058 1554 1091 1634; x_wconf 85' lang='lat'><strong>2)</strong></span> <span class='ocrx_word' id='word_1_108' title='bbox 1114 1553 1230 1634; x_wconf 73' lang='grc' dir='ltr'>γίνεται,</span> <span class='ocrx_word' id='word_1_109' title='bbox 1254 1554 1313 1616; x_wconf 83' lang='grc' dir='ltr'>οἷον</span> <span class='ocrx_word' id='word_1_110' title='bbox 1338 1553 1394 1638; x_wconf 61' lang='grc' dir='ltr'><strong>ᾖἦε</strong></span> 
     </span>
     <span class='ocr_line' id='line_1_14' title="bbox 259 1652 1393 1740; baseline 0.002 -24"><span class='ocrx_word' id='word_1_111' title='bbox 259 1657 337 1737; x_wconf 88' lang='lat' dir='ltr'><strong>(non</strong></span> <span class='ocrx_word' id='word_1_112' title='bbox 360 1656 411 1738; x_wconf 78' lang='grc' dir='ltr'><strong>ἠὲ)</strong></span> <span class='ocrx_word' id='word_1_113' title='bbox 435 1658 500 1739; x_wconf 89' lang='grc' dir='ltr'>περὶ</span> <span class='ocrx_word' id='word_1_114' title='bbox 524 1655 639 1724; x_wconf 85' lang='grc' dir='ltr'>πτόλιος</span> <span class='ocrx_word' id='word_1_115' title='bbox 662 1656 858 1740; x_wconf 76' lang='grc' dir='ltr'>μαχούμενοι“</span> <span class='ocrx_word' id='word_1_116' title='bbox 884 1659 917 1736; x_wconf 85' lang='lat' dir='ltr'><strong>(a</strong></span> <span class='ocrx_word' id='word_1_117' title='bbox 942 1655 1025 1733; x_wconf 88' lang='lat'>113).</span> <span class='ocrx_word' id='word_1_118' title='bbox 1043 1652 1154 1736; x_wconf 74' lang='lat' dir='ltr'><strong>Itaque</strong></span> <span class='ocrx_word' id='word_1_119' title='bbox 1170 1654 1191 1738; x_wconf 82' lang='grc' dir='ltr'>ἤ</span> <span class='ocrx_word' id='word_1_120' title='bbox 1209 1661 1241 1717; x_wconf 90' lang='lat' dir='ltr'><strong>et</strong></span> <span class='ocrx_word' id='word_1_121' title='bbox 1256 1655 1300 1738; x_wconf 84' lang='grc' dir='ltr'><strong>ἠέ</strong></span> <span class='ocrx_word' id='word_1_122' title='bbox 1317 1675 1393 1718; x_wconf 88' lang='lat' dir='ltr'><strong>con·</strong></span> 
     </span>
     <span class='ocr_line' id='line_1_15' title="bbox 255 1755 1392 1841; baseline 0.004 -24"><span class='ocrx_word' id='word_1_123' title='bbox 255 1756 439 1838; x_wconf 84' lang='lat' dir='ltr'><strong>junctiones</strong></span> <span class='ocrx_word' id='word_1_124' title='bbox 474 1757 685 1839; x_wconf 80' lang='lat' dir='ltr'>disjungendi,</span> <span class='ocrx_word' id='word_1_125' title='bbox 714 1757 733 1841; x_wconf 80' lang='grc' dir='ltr'><strong>ἦ</strong></span> <span class='ocrx_word' id='word_1_126' title='bbox 763 1763 794 1820; x_wconf 91' lang='lat' dir='ltr'><strong>et</strong></span> <span class='ocrx_word' id='word_1_127' title='bbox 821 1756 859 1840; x_wconf 75' lang='grc' dir='ltr'><strong>ἦε</strong></span> <span class='ocrx_word' id='word_1_128' title='bbox 886 1755 1106 1838; x_wconf 91' lang='lat' dir='ltr'><strong>interrogandi</strong></span> <span class='ocrx_word' id='word_1_129' title='bbox 1133 1755 1182 1819; x_wconf 90' lang='lat' dir='ltr'><strong>vel</strong></span> <span class='ocrx_word' id='word_1_130' title='bbox 1212 1756 1392 1821; x_wconf 88' lang='lat' dir='ltr'><strong>dubitandi.</strong></span> 
     </span>
     <span class='ocr_line' id='line_1_16' title="bbox 263 1855 1391 1941; baseline -0.002 -21"><span class='ocrx_word' id='word_1_131' title='bbox 263 1892 305 1904; x_wconf 87' lang='lat'>-</span> <span class='ocrx_word' id='word_1_132' title='bbox 329 1855 530 1922; x_wconf 86' lang='lat' dir='ltr'><strong>Scholiornm</strong></span> <span class='ocrx_word' id='word_1_133' title='bbox 554 1859 736 1922; x_wconf 89' lang='lat' dir='ltr'><strong>testimonia</strong></span> <span class='ocrx_word' id='word_1_134' title='bbox 759 1857 929 1940; x_wconf 86' lang='lat' dir='ltr'><strong>qvaedam:</strong></span> <span class='ocrx_word' id='word_1_135' title='bbox 953 1856 995 1920; x_wconf 90' lang='lat' dir='ltr'><strong>ad</strong></span> <span class='ocrx_word' id='word_1_136' title='bbox 1019 1858 1035 1940; x_wconf 83' lang='grc' dir='ltr'>β</span> <span class='ocrx_word' id='word_1_137' title='bbox 1059 1859 1098 1920; x_wconf 88' lang='grc'><strong>29</strong></span> <span class='ocrx_word' id='word_1_138' title='bbox 1122 1857 1159 1941; x_wconf 77' lang='grc' dir='ltr'><strong>ὴὲ</strong></span> <span class='ocrx_word' id='word_1_139' title='bbox 1181 1857 1254 1920; x_wconf 82' lang='grc' dir='ltr'>νέων</span> <span class='ocrx_word' id='word_1_140' title='bbox 1278 1859 1391 1940; x_wconf 83' lang='grc' dir='ltr'>ἀνδρῶν</span> 
     </span>
     <span class='ocr_line' id='line_1_17' title="bbox 260 1955 1393 2044; baseline -0.001 -22"><span class='ocrx_word' id='word_1_141' title='bbox 260 1959 291 2042; x_wconf 76' lang='grc' dir='ltr'><strong>ἢῑ</strong></span> <span class='ocrx_word' id='word_1_142' title='bbox 321 1958 400 2022; x_wconf 84' lang='grc' dir='ltr'>οὖτοι</span> <span class='ocrx_word' id='word_1_143' title='bbox 428 1962 478 2043; x_wconf 83' lang='grc' dir='ltr'><strong>μὲν</strong></span> <span class='ocrx_word' id='word_1_144' title='bbox 508 1961 682 2044; x_wconf 78' lang='grc' dir='ltr'>ἐγκλίνονται</span> <span class='ocrx_word' id='word_1_145' title='bbox 710 1960 900 2032; x_wconf 76' lang='grc' dir='ltr'>διαζευκτικοὶ</span> <span class='ocrx_word' id='word_1_146' title='bbox 927 1955 1017 2034; x_wconf 80' lang='grc' dir='ltr'>ὄντες,</span> <span class='ocrx_word' id='word_1_147' title='bbox 1041 1959 1067 2020; x_wconf 85' lang='grc' dir='ltr'><strong>οἱ</strong></span> <span class='ocrx_word' id='word_1_148' title='bbox 1090 1960 1122 2021; x_wconf 80' lang='grc' dir='ltr'><strong>δὲ</strong></span> <span class='ocrx_word' id='word_1_149' title='bbox 1144 1959 1210 2043; x_wconf 69' lang='grc' dir='ltr'>ἑξῆς</span> <span class='ocrx_word' id='word_1_150' title='bbox 1233 1963 1393 2044; x_wconf 83' lang='grc' dir='ltr'>περισπῶν-</span> 
     </span>
     <span class='ocr_line' id='line_1_18' title="bbox 261 2060 1392 2148; baseline 0 -25"><span class='ocrx_word' id='word_1_151' title='bbox 261 2084 316 2123; x_wconf 88' lang='grc' dir='ltr'>ται·</span> <span class='ocrx_word' id='word_1_152' title='bbox 346 2062 559 2146; x_wconf 80' lang='grc' dir='ltr'>ἐρωτηματικοὶ</span> <span class='ocrx_word' id='word_1_153' title='bbox 585 2063 651 2148; x_wconf 74' lang='grc' dir='ltr'>γὰρ.</span> <span class='ocrx_word' id='word_1_154' title='bbox 681 2063 720 2126; x_wconf 90' lang='grc' dir='ltr'><strong>Η.</strong></span> <span class='ocrx_word' id='word_1_155' title='bbox 750 2063 782 2126; x_wconf 86' lang='lat' dir='ltr'><strong>S.</strong></span> <span class='ocrx_word' id='word_1_156' title='bbox 812 2062 853 2126; x_wconf 87' lang='lat' dir='ltr'><strong>ad</strong></span> <span class='ocrx_word' id='word_1_157' title='bbox 882 2063 908 2124; x_wconf 93' lang='lat'>0</span> <span class='ocrx_word' id='word_1_158' title='bbox 934 2063 994 2122; x_wconf 88' lang='grc'><strong>168</strong></span> <span class='ocrx_word' id='word_1_159' title='bbox 1016 2061 1036 2144; x_wconf 78' lang='grc' dir='ltr'><strong>ἢ</strong></span> <span class='ocrx_word' id='word_1_160' title='bbox 1060 2098 1101 2108; x_wconf 89' lang='grc'>-</span> <span class='ocrx_word' id='word_1_161' title='bbox 1123 2060 1175 2145; x_wconf 59' lang='lat' dir='ltr'><strong>iqe:</strong></span> <span class='ocrx_word' id='word_1_162' title='bbox 1199 2061 1231 2122; x_wconf 86' lang='grc' dir='ltr'><strong>τὸ</strong></span> <span class='ocrx_word' id='word_1_163' title='bbox 1254 2061 1392 2146; x_wconf 83' lang='grc' dir='ltr'>δεύτερον</span> 
     </span>
     <span class='ocr_line' id='line_1_19' title="bbox 262 2157 1393 2250; baseline 0.003 -25"><span class='ocrx_word' id='word_1_164' title='bbox 262 2157 470 2244; x_wconf 77' lang='grc' dir='ltr'>περισπαοτέον</span> <span class='ocrx_word' id='word_1_165' title='bbox 503 2169 544 2233; x_wconf 83' lang='grc' dir='ltr'><strong>ὡς</strong></span> <span class='ocrx_word' id='word_1_166' title='bbox 572 2165 802 2250; x_wconf 80' lang='grc' dir='ltr'>έροιτηματοιόν.</span> <span class='ocrx_word' id='word_1_167' title='bbox 831 2163 871 2226; x_wconf 92' lang='lat' dir='ltr'><strong>H.</strong></span> <span class='ocrx_word' id='word_1_168' title='bbox 901 2200 943 2209; x_wconf 91' lang='lat'><em>-</em></span> <span class='ocrx_word' id='word_1_169' title='bbox 972 2161 1051 2238; x_wconf 83' lang='lat' dir='ltr'><strong>Qvid</strong></span> <span class='ocrx_word' id='word_1_170' title='bbox 1080 2161 1119 2226; x_wconf 88' lang='lat' dir='ltr'><strong>de</strong></span> <span class='ocrx_word' id='word_1_171' title='bbox 1146 2162 1195 2226; x_wconf 92' lang='lat' dir='ltr'><strong>his</strong></span> <span class='ocrx_word' id='word_1_172' title='bbox 1223 2161 1393 2244; x_wconf 81' lang='lat' dir='ltr'><strong>particulis</strong></span> 
     </span>
     <span class='ocr_line' id='line_1_20' title="bbox 261 2263 1395 2348; baseline 0.001 -22"><span class='ocrx_word' id='word_1_173' title='bbox 261 2265 282 2348; x_wconf 83' lang='grc' dir='ltr'>ἤ</span> <span class='ocrx_word' id='word_1_174' title='bbox 311 2271 343 2326; x_wconf 93' lang='lat' dir='ltr'><strong>et</strong></span> <span class='ocrx_word' id='word_1_175' title='bbox 369 2265 389 2348; x_wconf 80' lang='grc' dir='ltr'><strong>ἦ</strong></span> <span class='ocrx_word' id='word_1_176' title='bbox 417 2267 615 2331; x_wconf 85' lang='lat' dir='ltr'><strong>Aristarchei</strong></span> <span class='ocrx_word' id='word_1_177' title='bbox 643 2268 810 2342; x_wconf 84' lang='lat' dir='ltr'><strong>senserint,</strong></span> <span class='ocrx_word' id='word_1_178' title='bbox 839 2265 939 2328; x_wconf 86' lang='lat' dir='ltr'><strong>Lehrs</strong></span> <span class='ocrx_word' id='word_1_179' title='bbox 970 2263 1139 2346; x_wconf 83' lang='lat' dir='ltr'><strong>diligenter</strong></span> <span class='ocrx_word' id='word_1_180' title='bbox 1162 2264 1340 2345; x_wconf 87' lang='lat' dir='ltr'><strong>disputavit</strong></span> <span class='ocrx_word' id='word_1_181' title='bbox 1361 2265 1395 2327; x_wconf 92' lang='lat' dir='ltr'><strong>in</strong></span> 
     </span>
     <span class='ocr_line' id='line_1_21' title="bbox 264 2362 1397 2451; baseline 0.001 -24"><span class='ocrx_word' id='word_1_182' title='bbox 264 2362 402 2440; x_wconf 81' lang='lat' dir='ltr'><strong>Qvaestt.</strong></span> <span class='ocrx_word' id='word_1_183' title='bbox 427 2387 499 2448; x_wconf 85' lang='lat' dir='ltr'><strong>epp.</strong></span> <span class='ocrx_word' id='word_1_184' title='bbox 525 2371 570 2451; x_wconf 89' lang='lat' dir='ltr'><strong>(p.</strong></span> <span class='ocrx_word' id='word_1_185' title='bbox 596 2371 632 2430; x_wconf 88' lang='lat'><strong>51</strong></span> <span class='ocrx_word' id='word_1_186' title='bbox 659 2368 754 2450; x_wconf 73' lang='lat' dir='ltr'><strong>sqq).</strong></span> <span class='ocrx_word' id='word_1_187' title='bbox 800 2365 870 2430; x_wconf 91' lang='lat' dir='ltr'><strong>Hoc</strong></span> <span class='ocrx_word' id='word_1_188' title='bbox 893 2387 967 2430; x_wconf 90' lang='lat' dir='ltr'><strong>vero</strong></span> <span class='ocrx_word' id='word_1_189' title='bbox 990 2365 1166 2428; x_wconf 86' lang='lat' dir='ltr'><strong>notandum</strong></span> <span class='ocrx_word' id='word_1_190' title='bbox 1188 2373 1276 2447; x_wconf 90' lang='lat' dir='ltr'><strong>puto,</strong></span> <span class='ocrx_word' id='word_1_191' title='bbox 1294 2365 1397 2430; x_wconf 85' lang='lat' dir='ltr'><strong>Grae-</strong></span> 
     </span>
     <span class='ocr_line' id='line_1_22' title="bbox 264 2466 1394 2552; baseline 0.001 -23"><span class='ocrx_word' id='word_1_192' title='bbox 264 2486 317 2529; x_wconf 91' lang='lat' dir='ltr'><strong>cos</strong></span> <span class='ocrx_word' id='word_1_193' title='bbox 347 2468 474 2531; x_wconf 90' lang='lat' dir='ltr'><strong>omnino</strong></span> <span class='ocrx_word' id='word_1_194' title='bbox 502 2468 661 2550; x_wconf 86' lang='lat' dir='ltr'><strong>particula</strong></span> <span class='ocrx_word' id='word_1_195' title='bbox 690 2467 902 2550; x_wconf 84' lang='lat' dir='ltr'><strong>disjungendi,</strong></span> <span class='ocrx_word' id='word_1_196' title='bbox 926 2467 946 2552; x_wconf 80' lang='grc' dir='ltr'><em>ἤ</em></span> <span class='ocrx_word' id='word_1_197' title='bbox 968 2467 1015 2530; x_wconf 90' lang='lat' dir='ltr'><strong>uti</strong></span> <span class='ocrx_word' id='word_1_198' title='bbox 1039 2466 1150 2544; x_wconf 88' lang='lat' dir='ltr'><strong>solere,</strong></span> <span class='ocrx_word' id='word_1_199' title='bbox 1173 2467 1193 2551; x_wconf 77' lang='grc' dir='ltr'><strong>ἦ</strong></span> <span class='ocrx_word' id='word_1_200' title='bbox 1216 2469 1394 2550; x_wconf 89' lang='lat' dir='ltr'><strong>interroga-</strong></span> 
     </span>
     <span class='ocr_line' id='line_1_23' title="bbox 263 2567 1394 2653; baseline 0.003 -23"><span class='ocrx_word' id='word_1_201' title='bbox 263 2567 338 2644; x_wconf 90' lang='lat' dir='ltr'><strong>tiva,</strong></span> <span class='ocrx_word' id='word_1_202' title='bbox 361 2569 426 2632; x_wconf 89' lang='lat' dir='ltr'><strong>sive</strong></span> <span class='ocrx_word' id='word_1_203' title='bbox 449 2569 584 2652; x_wconf 87' lang='lat' dir='ltr'><strong>simplex</strong></span> <span class='ocrx_word' id='word_1_204' title='bbox 606 2571 648 2633; x_wconf 92' lang='lat' dir='ltr'><strong>sit</strong></span> <span class='ocrx_word' id='word_1_205' title='bbox 670 2569 823 2653; x_wconf 79' lang='lat' dir='ltr'><strong>quaestio,</strong></span> <span class='ocrx_word' id='word_1_206' title='bbox 846 2569 912 2632; x_wconf 85' lang='lat' dir='ltr'><strong>sive</strong></span> <span class='ocrx_word' id='word_1_207' title='bbox 934 2569 1041 2633; x_wconf 88' lang='lat' dir='ltr'><strong>multis</strong></span> <span class='ocrx_word' id='word_1_208' title='bbox 1065 2569 1249 2634; x_wconf 86' lang='lat' dir='ltr'><strong>emembris</strong></span> <span class='ocrx_word' id='word_1_209' title='bbox 1266 2589 1394 2650; x_wconf 89' lang='lat' dir='ltr'><strong>cumpo·</strong></span> 
     </span>
     <span class='ocr_line' id='line_1_24' title="bbox 264 2669 1394 2754; baseline 0.001 -22"><span class='ocrx_word' id='word_1_210' title='bbox 264 2669 335 2733; x_wconf 89' lang='lat' dir='ltr'><strong>sita.</strong></span> <span class='ocrx_word' id='word_1_211' title='bbox 384 2669 469 2735; x_wconf 80' lang='lat' dir='ltr'><strong>Vide&#39;</strong></span> <span class='ocrx_word' id='word_1_212' title='bbox 483 2671 588 2754; x_wconf 87' lang='lat' dir='ltr'><strong>Apoll.</strong></span> <span class='ocrx_word' id='word_1_213' title='bbox 613 2693 712 2753; x_wconf 90' lang='lat' dir='ltr'><strong>supra</strong></span> <span class='ocrx_word' id='word_1_214' title='bbox 735 2674 779 2754; x_wconf 76' lang='lat'><strong>2).</strong></span> <span class='ocrx_word' id='word_1_215' title='bbox 824 2669 1015 2752; x_wconf 90' lang='lat' dir='ltr'><strong>Ubicunque</strong></span> <span class='ocrx_word' id='word_1_216' title='bbox 1037 2671 1136 2753; x_wconf 90' lang='lat' dir='ltr'><strong>igitur</strong></span> <span class='ocrx_word' id='word_1_217' title='bbox 1156 2670 1320 2752; x_wconf 84' lang='lat' dir='ltr'><strong>aliqvanto</strong></span> <span class='ocrx_word' id='word_1_218' title='bbox 1338 2669 1394 2733; x_wconf 91' lang='lat' dir='ltr'><strong>du-</strong></span> 
     </span>
     <span class='ocr_line' id='line_1_25' title="bbox 264 2772 1392 2856; baseline -0.002 -20"><span class='ocrx_word' id='word_1_219' title='bbox 264 2772 415 2836; x_wconf 85' lang='lat' dir='ltr'><strong>bitativus</strong></span> <span class='ocrx_word' id='word_1_220' title='bbox 454 2773 502 2838; x_wconf 88' lang='lat' dir='ltr'><strong>vel</strong></span> <span class='ocrx_word' id='word_1_221' title='bbox 538 2773 786 2856; x_wconf 75' lang='lat' dir='ltr'><strong>interrogativas</strong></span> <span class='ocrx_word' id='word_1_222' title='bbox 825 2779 908 2836; x_wconf 91' lang='lat' dir='ltr'><strong>esset</strong></span> <span class='ocrx_word' id='word_1_223' title='bbox 945 2793 1066 2849; x_wconf 91' lang='lat' dir='ltr'><strong>sensus,</strong></span> <span class='ocrx_word' id='word_1_224' title='bbox 1101 2773 1164 2836; x_wconf 90' lang='lat' dir='ltr'><strong>hoc</strong></span> <span class='ocrx_word' id='word_1_225' title='bbox 1191 2772 1392 2853; x_wconf 84' lang='lat' dir='ltr'><strong>exprimeba-</strong></span> 
     </span>
     <span class='ocr_line' id='line_1_26' title="bbox 265 2872 1395 2960; baseline -0.002 -22"><span class='ocrx_word' id='word_1_226' title='bbox 265 2880 318 2938; x_wconf 88' lang='lat' dir='ltr'><strong>tur</strong></span> <span class='ocrx_word' id='word_1_227' title='bbox 343 2883 476 2940; x_wconf 85' lang='lat' dir='ltr'><strong>accentu</strong></span> <span class='ocrx_word' id='word_1_228' title='bbox 500 2876 702 2940; x_wconf 87' lang='lat' dir='ltr'><strong>circumflexo</strong></span> <span class='ocrx_word' id='word_1_229' title='bbox 726 2881 777 2939; x_wconf 82' lang='grc' dir='ltr'><strong>τοῦ</strong></span> <span class='ocrx_word' id='word_1_230' title='bbox 800 2875 836 2960; x_wconf 83' lang='grc' dir='ltr'><strong>ἧ;</strong></span> <span class='ocrx_word' id='word_1_231' title='bbox 860 2881 891 2938; x_wconf 88' lang='lat' dir='ltr'><strong>et</strong></span> <span class='ocrx_word' id='word_1_232' title='bbox 914 2895 994 2957; x_wconf 89' lang='lat' dir='ltr'><strong>qvae</strong></span> <span class='ocrx_word' id='word_1_233' title='bbox 1016 2874 1116 2938; x_wconf 88' lang='lat' dir='ltr'><strong>Lehrs</strong></span> <span class='ocrx_word' id='word_1_234' title='bbox 1139 2873 1233 2938; x_wconf 85' lang='lat' dir='ltr'><strong>affert</strong></span> <span class='ocrx_word' id='word_1_235' title='bbox 1249 2872 1395 2954; x_wconf 87' lang='lat' dir='ltr'><strong>exempla</strong></span> 
     </span>
     <span class='ocr_line' id='line_1_27' title="bbox 266 2973 1395 3070; baseline -0.002 -30"><span class='ocrx_word' id='word_1_236' title='bbox 266 2976 308 3040; x_wconf 91' lang='lat' dir='ltr'><strong>ad</strong></span> <span class='ocrx_word' id='word_1_237' title='bbox 334 2977 424 3039; x_wconf 89' lang='lat' dir='ltr'><strong>illum</strong></span> <span class='ocrx_word' id='word_1_238' title='bbox 447 2998 539 3040; x_wconf 87' lang='lat' dir='ltr'><strong>usum</strong></span> <span class='ocrx_word' id='word_1_239' title='bbox 563 2978 774 3056; x_wconf 85' lang='lat' dir='ltr'><strong>,mirabilem“</strong></span> <span class='ocrx_word' id='word_1_240' title='bbox 797 2983 897 3070; x_wconf 50' lang='lat'><strong>&#39;1¹¹1</strong></span> <span class='ocrx_word' id='word_1_241' title='bbox 920 2976 965 3038; x_wconf 91' lang='lat' dir='ltr'><strong>ait</strong></span> <span class='ocrx_word' id='word_1_242' title='bbox 989 3012 1029 3025; x_wconf 93' lang='lat'><em>-</em></span> <span class='ocrx_word' id='word_1_243' title='bbox 1053 2975 1287 3058; x_wconf 86' lang='lat' dir='ltr'><strong>explicandum,</strong></span> <span class='ocrx_word' id='word_1_244' title='bbox 1311 2973 1395 3057; x_wconf 85' lang='lat' dir='ltr'><strong>qvod</strong></span> 
     </span>
     <span class='ocr_line' id='line_1_28' title="bbox 266 3076 1393 3162; baseline 0 -22"><span class='ocrx_word' id='word_1_245' title='bbox 266 3098 326 3159; x_wconf 89' lang='lat' dir='ltr'><strong>pru</strong></span> <span class='ocrx_word' id='word_1_246' title='bbox 354 3085 467 3159; x_wconf 89' lang='lat' dir='ltr'><strong>postea</strong></span> <span class='ocrx_word' id='word_1_247' title='bbox 489 3079 521 3141; x_wconf 88' lang='lat' dir='ltr'><strong>in</strong></span> <span class='ocrx_word' id='word_1_248' title='bbox 544 3078 703 3162; x_wconf 87' lang='lat' dir='ltr'><strong>frequenti</strong></span> <span class='ocrx_word' id='word_1_249' title='bbox 725 3100 785 3142; x_wconf 89' lang='lat' dir='ltr'><strong>usu</strong></span> <span class='ocrx_word' id='word_1_250' title='bbox 808 3077 1009 3142; x_wconf 83' lang='lat' dir='ltr'><strong>versantibus</strong></span> <span class='ocrx_word' id='word_1_251' title='bbox 1032 3077 1117 3162; x_wconf 77' lang='grc' dir='ltr'><strong>ἥ-ἤ</strong></span> <span class='ocrx_word' id='word_1_252' title='bbox 1140 3077 1341 3143; x_wconf 86' lang='lat' dir='ltr'><strong>scribebatur</strong></span> <span class='ocrx_word' id='word_1_253' title='bbox 1362 3076 1393 3160; x_wconf 75' lang='grc' dir='ltr'><strong>ἡ,</strong></span> 
     </span>
     <span class='ocr_line' id='line_1_29' title="bbox 266 3179 1394 3256; baseline 0 -15"><span class='ocrx_word' id='word_1_254' title='bbox 266 3179 348 3242; x_wconf 90' lang='lat' dir='ltr'><strong>haec</strong></span> <span class='ocrx_word' id='word_1_255' title='bbox 376 3181 482 3244; x_wconf 86' lang='lat' dir='ltr'><strong>omnia</strong></span> <span class='ocrx_word' id='word_1_256' title='bbox 505 3185 579 3244; x_wconf 88' lang='lat' dir='ltr'><strong>sunt</strong></span> <span class='ocrx_word' id='word_1_257' title='bbox 602 3181 768 3244; x_wconf 89' lang='lat' dir='ltr'><strong>enuntiata</strong></span> <span class='ocrx_word' id='word_1_258' title='bbox 791 3179 978 3243; x_wconf 85' lang='lat' dir='ltr'><strong>dubitativa.</strong></span> <span class='ocrx_word' id='word_1_259' title='bbox 1025 3179 1114 3256; x_wconf 80' lang='lat' dir='ltr'><strong>Qvod</strong></span> <span class='ocrx_word' id='word_1_260' title='bbox 1136 3199 1212 3243; x_wconf 84' lang='lat' dir='ltr'><strong>vero</strong></span> <span class='ocrx_word' id='word_1_261' title='bbox 1233 3179 1394 3242; x_wconf 90' lang='lat' dir='ltr'><strong>interdum</strong></span> 
     </span>
     <span class='ocr_line' id='line_1_30' title="bbox 268 3280 1397 3366; baseline -0.003 -21"><span class='ocrx_word' id='word_1_262' title='bbox 268 3283 364 3345; x_wconf 88' lang='lat' dir='ltr'><strong>etiam</strong></span> <span class='ocrx_word' id='word_1_263' title='bbox 397 3283 509 3346; x_wconf 90' lang='lat' dir='ltr'><strong>iisdem</strong></span> <span class='ocrx_word' id='word_1_264' title='bbox 537 3281 571 3346; x_wconf 95' lang='lat' dir='ltr'><strong>in</strong></span> <span class='ocrx_word' id='word_1_265' title='bbox 598 3283 770 3346; x_wconf 87' lang='lat' dir='ltr'><strong>enuntiatis</strong></span> <span class='ocrx_word' id='word_1_266' title='bbox 798 3281 819 3366; x_wconf 77' lang='grc' dir='ltr'><strong>ἥ</strong></span> <span class='ocrx_word' id='word_1_267' title='bbox 847 3281 1007 3358; x_wconf 87' lang='lat' dir='ltr'><strong>scribitur,</strong></span> <span class='ocrx_word' id='word_1_268' title='bbox 1037 3281 1178 3362; x_wconf 86' lang='lat' dir='ltr'><strong>qvamvis</strong></span> <span class='ocrx_word' id='word_1_269' title='bbox 1208 3280 1397 3346; x_wconf 86' lang='lat' dir='ltr'><strong>manifestus</strong></span> 
     </span>
     <span class='ocr_line' id='line_1_31' title="bbox 267 3381 1390 3464; baseline -0.003 -18"><span class='ocrx_word' id='word_1_270' title='bbox 267 3383 309 3446; x_wconf 88' lang='lat' dir='ltr'><strong>sit</strong></span> <span class='ocrx_word' id='word_1_271' title='bbox 328 3405 439 3448; x_wconf 90' lang='lat' dir='ltr'><strong>sensus</strong></span> <span class='ocrx_word' id='word_1_272' title='bbox 462 3385 667 3461; x_wconf 86' lang='lat' dir='ltr'><strong>dubitativus,</strong></span> <span class='ocrx_word' id='word_1_273' title='bbox 691 3385 730 3449; x_wconf 91' lang='lat' dir='ltr'><strong>de</strong></span> <span class='ocrx_word' id='word_1_274' title='bbox 752 3386 813 3448; x_wconf 90' lang='lat' dir='ltr'><strong>hoo</strong></span> <span class='ocrx_word' id='word_1_275' title='bbox 832 3390 919 3448; x_wconf 89' lang='lat' dir='ltr'><strong>recte</strong></span> <span class='ocrx_word' id='word_1_276' title='bbox 942 3381 1043 3446; x_wconf 86' lang='lat' dir='ltr'><strong>Lehrs</strong></span> <span class='ocrx_word' id='word_1_277' title='bbox 1066 3383 1127 3446; x_wconf 89' lang='lat' dir='ltr'><strong>ait:</strong></span> <span class='ocrx_word' id='word_1_278' title='bbox 1151 3382 1314 3464; x_wconf 81' lang='lat' dir='ltr'><strong>„Alterum</strong></span> <span class='ocrx_word' id='word_1_279' title='bbox 1331 3382 1390 3464; x_wconf 91' lang='lat' dir='ltr'><strong>igi-</strong></span> 
     </span>
     <span class='ocr_line' id='line_1_32' title="bbox 268 3483 1396 3568; baseline 0.001 -22"><span class='ocrx_word' id='word_1_280' title='bbox 268 3488 322 3546; x_wconf 91' lang='lat' dir='ltr'><strong>tur</strong></span> <span class='ocrx_word' id='word_1_281' title='bbox 348 3486 368 3568; x_wconf 80' lang='grc' dir='ltr'>ἠ</span> <span class='ocrx_word' id='word_1_282' title='bbox 396 3487 428 3547; x_wconf 93' lang='lat' dir='ltr'><strong>in</strong></span> <span class='ocrx_word' id='word_1_283' title='bbox 456 3486 505 3548; x_wconf 89' lang='lat' dir='ltr'><strong>his</strong></span> <span class='ocrx_word' id='word_1_284' title='bbox 533 3486 745 3550; x_wconf 89' lang='lat' dir='ltr'><strong>dubitativum</strong></span> <span class='ocrx_word' id='word_1_285' title='bbox 775 3505 853 3559; x_wconf 88' lang='lat' dir='ltr'><strong>esse,</strong></span> <span class='ocrx_word' id='word_1_286' title='bbox 882 3483 921 3548; x_wconf 89' lang='lat' dir='ltr'><strong>de</strong></span> <span class='ocrx_word' id='word_1_287' title='bbox 949 3503 986 3548; x_wconf 90' lang='lat' dir='ltr'><strong>eo</strong></span> <span class='ocrx_word' id='word_1_288' title='bbox 1016 3483 1081 3546; x_wconf 87' lang='lat' dir='ltr'><strong>dixi</strong></span> <span class='ocrx_word' id='word_1_289' title='bbox 1110 3489 1235 3548; x_wconf 89' lang='lat' dir='ltr'><strong>veteres</strong></span> <span class='ocrx_word' id='word_1_290' title='bbox 1264 3503 1396 3548; x_wconf 90' lang='lat' dir='ltr'><strong>consen·</strong></span> 
     </span>
     <span class='ocr_line' id='line_1_33' title="bbox 269 3585 1398 3668; baseline 0.001 -20"><span class='ocrx_word' id='word_1_291' title='bbox 269 3587 338 3649; x_wconf 90' lang='lat' dir='ltr'><strong>tire.</strong></span> <span class='ocrx_word' id='word_1_292' title='bbox 384 3586 483 3650; x_wconf 88' lang='lat' dir='ltr'><strong>Estne</strong></span> <span class='ocrx_word' id='word_1_293' title='bbox 506 3587 600 3651; x_wconf 88' lang='lat' dir='ltr'><strong>etiam</strong></span> <span class='ocrx_word' id='word_1_294' title='bbox 616 3587 759 3668; x_wconf 81' lang='lat' dir='ltr'><strong>primus?</strong></span> <span class='ocrx_word' id='word_1_295' title='bbox 782 3585 975 3650; x_wconf 82' lang='lat' dir='ltr'><strong>Judicarunt</strong></span> <span class='ocrx_word' id='word_1_296' title='bbox 992 3585 1038 3649; x_wconf 93' lang='lat' dir='ltr'><strong>sic</strong></span> <span class='ocrx_word' id='word_1_297' title='bbox 1055 3585 1176 3666; x_wconf 88' lang='lat' dir='ltr'><strong>optimi,</strong></span> <span class='ocrx_word' id='word_1_298' title='bbox 1193 3585 1398 3650; x_wconf 85' lang='lat' dir='ltr'><strong>Herodianus</strong></span> 
     </span>
     <span class='ocr_line' id='line_1_34' title="bbox 271 3686 1396 3772; baseline -0.003 -21"><span class='ocrx_word' id='word_1_299' title='bbox 271 3695 303 3751; x_wconf 88' lang='lat' dir='ltr'><strong>et</strong></span> <span class='ocrx_word' id='word_1_300' title='bbox 337 3689 534 3772; x_wconf 89' lang='lat' dir='ltr'><strong>Apollonius.</strong></span> <span class='ocrx_word' id='word_1_301' title='bbox 570 3725 611 3736; x_wconf 86' lang='lat'><strong>-—</strong></span> <span class='ocrx_word' id='word_1_302' title='bbox 633 3725 674 3734; x_wconf 93' lang='lat'>-</span> <span class='ocrx_word' id='word_1_303' title='bbox 708 3687 797 3750; x_wconf 89' lang='lat' dir='ltr'><strong>Haec</strong></span> <span class='ocrx_word' id='word_1_304' title='bbox 822 3688 922 3769; x_wconf 87' lang='lat' dir='ltr'><strong>igitur</strong></span> <span class='ocrx_word' id='word_1_305' title='bbox 949 3687 1070 3751; x_wconf 89' lang='lat' dir='ltr'><strong>orietur</strong></span> <span class='ocrx_word' id='word_1_306' title='bbox 1097 3687 1250 3769; x_wconf 77' lang='lat' dir='ltr'><strong>quaestio,</strong></span> <span class='ocrx_word' id='word_1_307' title='bbox 1279 3686 1396 3751; x_wconf 87' lang='lat' dir='ltr'><strong>curin</strong></span> 
     </span>
     <span class='ocr_line' id='line_1_35' title="bbox 271 3788 1399 3872; baseline -0.002 -20"><span class='ocrx_word' id='word_1_308' title='bbox 271 3791 379 3871; x_wconf 89' lang='lat' dir='ltr'><strong>priore</strong></span> <span class='ocrx_word' id='word_1_309' title='bbox 411 3791 555 3856; x_wconf 86' lang='lat' dir='ltr'><strong>membro</strong></span> <span class='ocrx_word' id='word_1_310' title='bbox 586 3788 746 3872; x_wconf 86' lang='lat' dir='ltr'><strong>particula</strong></span> <span class='ocrx_word' id='word_1_311' title='bbox 778 3795 945 3853; x_wconf 89' lang='lat' dir='ltr'><strong>accentum</strong></span> <span class='ocrx_word' id='word_1_312' title='bbox 974 3788 1166 3871; x_wconf 87' lang='lat' dir='ltr'><strong>deposuerit.</strong></span> <span class='ocrx_word' id='word_1_313' title='bbox 1210 3788 1249 3851; x_wconf 94' lang='lat' dir='ltr'><strong>Id</strong></span> <span class='ocrx_word' id='word_1_314' title='bbox 1276 3793 1399 3852; x_wconf 89' lang='lat' dir='ltr'><strong>veteres</strong></span> 
     </span>
     <span class='ocr_line' id='line_1_36' title="bbox 271 3889 1399 3972; baseline 0 -20"><span class='ocrx_word' id='word_1_315' title='bbox 271 3910 331 3972; x_wconf 88' lang='lat' dir='ltr'><strong>pro</strong></span> <span class='ocrx_word' id='word_1_316' title='bbox 355 3898 430 3956; x_wconf 90' lang='lat' dir='ltr'><strong>noto</strong></span> <span class='ocrx_word' id='word_1_317' title='bbox 452 3900 591 3971; x_wconf 86' lang='lat' dir='ltr'><strong>sumunt,</strong></span> <span class='ocrx_word' id='word_1_318' title='bbox 616 3912 762 3957; x_wconf 81' lang='lat' dir='ltr'><strong>caussam</strong></span> <span class='ocrx_word' id='word_1_319' title='bbox 784 3912 850 3956; x_wconf 93' lang='lat' dir='ltr'><strong>non</strong></span> <span class='ocrx_word' id='word_1_320' title='bbox 872 3892 1004 3956; x_wconf 88' lang='lat' dir='ltr'><strong>addunt.</strong></span> <span class='ocrx_word' id='word_1_321' title='bbox 1037 3890 1173 3954; x_wconf 89' lang='lat' dir='ltr'><strong>Videtur</strong></span> <span class='ocrx_word' id='word_1_322' title='bbox 1189 3889 1267 3954; x_wconf 88' lang='lat' dir='ltr'><strong>mihi</strong></span> <span class='ocrx_word' id='word_1_323' title='bbox 1284 3907 1399 3954; x_wconf 87' lang='lat' dir='ltr'><strong>caussa</strong></span> 
     </span>
     <span class='ocr_line' id='line_1_37' title="bbox 273 3989 1400 4078; baseline -0.004 -20"><span class='ocrx_word' id='word_1_324' title='bbox 273 3995 449 4075; x_wconf 88' lang='lat' dir='ltr'><strong>excogitari</strong></span> <span class='ocrx_word' id='word_1_325' title='bbox 480 4015 584 4077; x_wconf 89' lang='lat' dir='ltr'><strong>posse.</strong></span> <span class='ocrx_word' id='word_1_326' title='bbox 635 3994 764 4058; x_wconf 88' lang='lat' dir='ltr'><strong>Scilicet</strong></span> <span class='ocrx_word' id='word_1_327' title='bbox 795 3995 828 4057; x_wconf 94' lang='lat' dir='ltr'><strong>in</strong></span> <span class='ocrx_word' id='word_1_328' title='bbox 862 3993 1017 4078; x_wconf 86' lang='lat' dir='ltr'><strong>ejusmodi</strong></span> <span class='ocrx_word' id='word_1_329' title='bbox 1050 3991 1325 4057; x_wconf 86' lang='lat' dir='ltr'><strong>enuntiationibus</strong></span> <span class='ocrx_word' id='word_1_330' title='bbox 1358 3989 1400 4054; x_wconf 87' lang='lat' dir='ltr'><strong>ad</strong></span> 
     </span>
     <span class='ocr_line' id='line_1_38' title="bbox 273 4092 1400 4178; baseline -0.004 -18"><span class='ocrx_word' id='word_1_331' title='bbox 273 4095 408 4160; x_wconf 86' lang='lat' dir='ltr'><strong>alteram</strong></span> <span class='ocrx_word' id='word_1_332' title='bbox 435 4095 626 4177; x_wconf 87' lang='lat' dir='ltr'><strong>particulam</strong></span> <span class='ocrx_word' id='word_1_333' title='bbox 651 4095 884 4178; x_wconf 89' lang='lat' dir='ltr'><strong>qvodammodo</strong></span> <span class='ocrx_word' id='word_1_334' title='bbox 908 4095 1115 4178; x_wconf 83' lang='lat' dir='ltr'><strong>languescere</strong></span> <span class='ocrx_word' id='word_1_335' title='bbox 1137 4094 1292 4158; x_wconf 88' lang='lat' dir='ltr'><strong>sentimus</strong></span> <span class='ocrx_word' id='word_1_336' title='bbox 1313 4092 1400 4174; x_wconf 87' lang='lat' dir='ltr'><strong>prio·</strong></span> 
     </span>
    </p>
   </div>
   <div class='ocr_carea' id='block_1_3' title="bbox 0 0 1580 4874">
    <p class='ocr_par' dir='ltr' id='par_1_5' title="bbox 0 0 1580 4874">
     <span class='ocr_line' id='line_1_39' title="bbox 0 0 1580 4874; baseline 0 0"><span class='ocrx_word' id='word_1_337' title='bbox 0 0 1580 4874; x_wconf 95' lang='lat' dir='ltr'><strong> </strong></span> 
     </span>
    </p>
   </div>
  </div>
 </body>
</html>
