3098 4874
1211 307 1251 368 57

166 489 219 568 τῆς
245 489 347 569 ψυχῆς
375 489 432 568 poti
459 487 566 571 ἥψατο·
595 487 637 570 τῷ
659 485 730 548 εἴδει
751 485 784 547 τδ
805 485 923 570 γένος),
947 492 963 560 ζ
987 489 1058 566 185,
1081 490 1107 552 Α
1130 491 1202 553 532.
1241 490 1298 554 Di·

164 585 254 669 plam
276 584 376 668 igitur
397 587 453 650 Ar.
475 588 594 669 posuit,
616 587 690 669 qvia
712 585 805 652 Hom.
829 589 969 671 speciem
990 610 1050 672 pro
1073 610 1189 673 genere
1204 611 1296 656 usur-

165 693 271 771 paret.
874 728 882 740 „

270 790 422 874 ἀΐδηλον
467 791 517 855 ὅτε
532 792 583 876 μὲν
599 793 631 854 τδ
648 791 768 876 ἄδηλον,
784 791 843 856 olon
859 792 977 878 ἀφανές·
995 793 1066 877 ὅπερ
1082 794 1131 856 καὶ
1145 793 1296 878 άΐζηλον

166 891 229 974 (sio
251 911 312 974 pro
335 892 480 976 ἀείζηλον,
504 891 543 958 of.
566 893 680 977 schol.)
703 893 790 976 λέγει,
813 894 882 972 ,,τδν
906 895 956 978 μὲν
980 895 1098 978 άΐζηλον
1120 895 1211 980 θῆκεν
1228 896 1299 964 θεὸς

167 993 259 1078 ὅσπερ
293 993 421 1080 ἔφηνεν“
450 994 492 1079 (Β
520 998 582 1060 318
610 1015 653 1060 so.
682 994 864 1074 draconem,
893 1015 984 1078 qvem
1012 995 1103 1060 Deus
1129 997 1162 1060 in
1189 997 1297 1062 lumen

167 1095 381 1181 prodiderat).
426 1095 513 1179 Ergo
535 1095 641 1178 Apoll.
663 1117 727 1161 non
748 1097 917 1181 ignoravit,
933 1097 1008 1179 qvid
1023 1099 1078 1160 Ar.
1095 1097 1135 1162 de
1150 1099 1211 1164 hoo
1226 1098 1296 1163 looo

169 1196 359 1280 explicando
385 1197 617 1280 praeoepisset:
641 1197 740 1262 schol.
765 1197 807 1263 ad
828 1197 856 1262 B
879 1201 940 1262 318
964 1199 1008 1262 δτι
1028 1197 1169 1283 Ζηνίδοτ.
1192 1201 1300 1286 γράφει

168 1299 306 1384 άριδηλον
335 1301 456 1383 (nonne
478 1299 651 1384 άρίζηλονθ)
679 1299 797 1362 καὶτὸν
821 1299 963 1383 ἐχόμενον
988 1301 1046 1383 (so.
1069 1322 1097 1365 v.
1122 1305 1198 1366 319:
1222 1305 1298 1366 λᾶαν

167 1401 225 1485 γάρ
254 1423 300 1484 μιν
328 1399 420 1484 ἔθηκε
446 1398 563 1485 Κρόνου
586 1406 653 1468 παῖς
677 1437 717 1448 -
739 1401 795 1484 -)
819 1401 1011 1485 προσέθηκεν.
1034 1401 1094 1466 ἔδει
1116 1403 1149 1465 δὲ
1169 1405 1298 1488 άΐίηλον.

167 1502 202 1564 τδ
223 1501 280 1586 γὰρ
302 1503 440 1587 ἀρίδηλον
462 1503 536 1585 ἄγαν
559 1501 696 1588 ἐμφανές,
720 1501 793 1586 ὅπερ
816 1503 967 1566 ἀπίθανον·
987 1504 1115 1587 μάχεται
1131 1503 1181 1568 οὖν
1199 1507 1215 1568 ὁ
1234 1505 1299 1590 ἔχο-

170 1626 268 1688 μενος,
295 1603 327 1668 ὃν
354 1605 410 1688 γὰρ
439 1604 608 1681 ἀναπλάσαι,
637 1607 738 1668 τοῦτον
761 1603 815 1668 οὐκ
837 1605 957 1690 ἀναιρεῖ.
980 1605 1059 1689 λέγει
1081 1607 1179 1691 μέντοι
1200 1609 1234 1690 γὲ
1256 1608 1301 1671 ὅτι

168 1707 185 1769 δ
208 1708 304 1792 φήνας
327 1707 414 1770 αότδν
436 1707 507 1776 θεὸς
527 1731 554 1771 κ.
577 1706 686 1791 ἄδηλον
710 1707 854 1792 ἐποίησεν.
899 1707 971 1772 Vid.
993 1708 1094 1772 Lehra
1116 1709 1171 1774 Ar.
1195 1709 1241 1774 St.
1258 1747 1299 1758 —

169 1809 260 1887 Qvod
283 1809 325 1874 ad
347 1809 485 1876 activam
507 1809 603 1892 hujus
625 1809 773 1874 vocabuli
794 1809 958 1876 notionem
980 1811 1028 1874 τδν
1051 1812 1228 1896 ἀδηλοποιάν
1251 1818 1300 1878 at-

169 1911 260 1990 tinet,
289 1910 460 1994 Apollonio
489 1912 636 1976 convenit
662 1933 735 1976 oum
758 1911 949 1990 Aristonico,
971 1934 1046 1978 nam
1068 1913 1110 1977 ad
1132 1913 1168 1976 Β·
1182 1917 1243 1978 435
1266 1915 1300 1978 in

168 2013 274 2097 Etym.
302 2011 346 2076 M.
374 2012 506 2096 legitur:
536 2013 669 2097 ἀίδηλοςε
698 2014 714 2074 δ
742 2013 956 2098 δλοθρευτικός·
984 2013 1019 2076 οδ
1047 2015 1102 2098 γὰρ
1125 2013 1202 2084 ἄξιος
1224 2013 1301 2099 Ἀρι-

169 2114 299 2183 στόνικος
332 2117 439 2198 δηλοῦν
471 2113 565 2198 λέγων
597 2115 646 2178 τδν
674 2114 860 2197 ἀδηλοποιάν.
905 2113 1005 2179 Lehrs
1032 2115 1087 2178 Ar.
1115 2135 1147 2197 p.
1178 2119 1206 2178 3.
1251 2115 1299 2178 Of.

169 2219 237 2284 soh.
261 2242 283 2280 π
305 2221 356 2280 29.

277 2318 453 2402 αἰθούσης
480 2324 534 2404 τῆς
561 2318 746 2403 παραστάδας
775 2318 933 2401 (porticus
955 2317 1056 2400 vill),
1080 2319 1138 2381 άπδ
1161 2321 1213 2382 τοῦ
1235 2343 1301 2382 κατ-

173 2419 310 2484 αιθεσθαι
343 2421 393 2506 ὑφ’
426 2421 522 2505 ἡλίου,
556 2444 578 2505 φ
612 2423 674 2483 390
708 2424 741 2484 et
771 2420 793 2482 θ
822 2421 871 2482 57.
917 2419 964 2484 of.
994 2419 1093 2486 sohol.
1120 2420 1301 2485 Aristarchi

172 2523 290 2608 (Lehrs
311 2524 367 2587 Ar.
393 2524 469 2606 152)
491 2522 520 2586 Y
541 2521 574 2586 Π
596 2523 625 2586 αί
647 2523 673 2584 δ’
695 2520 834 2586 αίθουσαι
855 2521 890 2584 οὐ
905 2521 1039 2606 θρόνοιῆ
1056 2523 1198 2608 καθέδραι
1211 2529 1300 2600 (oon-

171 2631 225 2692 tra
247 2625 366 2690 Zenod.
388 2624 547 2708 legentem
570 2625 704 2710 ἐφίζανον
726 2645 786 2706 pro
809 2623 950 2708 ἐνίζανον)
975 2624 1050 2688 ἀλλὰ
1072 2625 1155 2688 στοαὶ
1170 2626 1219 2688 καὶ
1237 2644 1302 2686 στυ-

171 2729 266 2792 λωταλ
287 2727 379 2812 ἕδραι,
401 2727 421 2810 ἢ
445 2727 528 2790 τόποι
543 2728 593 2812 ὑφ’
607 2727 692 2812 ἡλίου
708 2727 975 2812 καταλαμπόμενοι.
1009 2725 1056 2788 Of.
1074 2726 1126 2790 Et.
1142 2725 1185 2790 M.
1202 2765 1243 2773 -
1259 2764 1300 2774 -

172 2831 226 2914 την
249 2827 525 2914 καταφοντιζομένην
548 2827 643 2891 στοὰν
656 2851 683 2891 κ.
707 2829 759 2912 τὴν
783 2827 857 2912 μετὰ
878 2829 926 2890 τδν
949 2829 1070 2890 πυλῶνα
1091 2828 1235 2890 παστάδα.

278 2929 391 3014 ἄκρης
412 2929 553 2998 πόλεως
575 2931 668 3014 (num
689 2929 836 3012 πόλιοςῖ).
881 2928 1024 2992 Pertinet
1046 2927 1088 2992 ad
1110 2928 1134 2990 Z
1159 2931 1231 3006 257,
1247 2949 1302 2993 ou·

168 3032 224 3115 jun
257 3030 357 3098 sohol.
391 3031 563 3096 Aristonio.
593 3052 665 3096 onm
693 3029 829 3096 artionlo
857 3030 1013 3114 congruit.
1057 3030 1179 3096 Eodem
1207 3030 1303 3098 modo

172 3133 312 3222 Hosynh,
340 3153 365 3197 a.
394 3133 425 3196 h.
448 3154 477 3198 v.
500 3169 542 3182 ·-
565 3132 612 3197 Of.
636 3133 783 3218 ἀκροτάτη
806 3134 923 3218 κορυφῇ
946 3133 974 3196 Ε
997 3135 1060 3196 754
1082 3139 1115 3198 et
1137 3133 1235 3198 aohol.
1260 3132 1302 3198 ad

174 3234 269 3300 eund.
292 3234 325 3313 1.,
348 3233 449 3298 Lohrs
471 3235 527 3299 Ar.
550 3255 582 3316 p.
608 3236 679 3298 165.

278 3335 449 3420 άκνηστις
477 3337 510 3398 τδ
534 3336 621 3421 μέσον
644 3341 697 3421 τῆς
719 3337 845 3421 ῥάχεως,
869 3331 916 3422 ἐφ’
937 3331 962 3422 ᾧ
985 3337 1148 3422 κνήσασθαι
1170 3336 1204 3400 οὐ
1228 3336 1303 3421 φθά-

175 3461 217 3502 νει
250 3437 286 3500 τὰ
319 3437 485 3522 τετράποδα
513 3473 553 3486 --
580 3473 623 3486 -
650 3438 700 3501 καὶ
725 3443 871 3522 κνῆστις
898 3440 918 3522 ἠ
942 3438 1035 3524 ῥάχις.
1080 3437 1161 3504 Item
1184 3437 1235 3502 Et.
1258 3436 1301 3502 M.

176 3538 243 3604 Sub
276 3545 422 3624 κνῆστις
455 3542 500 3622 (ρ.
536 3541 594 3602 101
631 3539 725 3624 Bel.)
759 3538 875 3604 similia
901 3539 1019 3622 repetit
1045 3539 1302 3622 lexicographua.

174 3640 312 3706 Putares
339 3639 565 3725 etymologiam
592 3645 659 3705 tam
685 3641 829 3724 ineptam
858 3645 891 3706 et
917 3641 1086 3707 ridiculam
1113 3641 1302 3705 Aristaroho

162 3761 240 3808 non
268 3741 439 3825 placuisse,
467 3746 610 3808 attamen
637 3743 671 3806 in
698 3742 797 3808 aohol.
827 3742 869 3808 ad
895 3766 914 3806 κ
944 3747 1002 3807 161
1028 3741 1140 3808 eadem
1161 3742 1223 3824 ipsi
1246 3742 1303 3806 tri-

175 3842 295 3910 buitur.
339 3843 412 3909 vio.
435 3843 537 3909 Lenrs
558 3845 614 3908 Ar.
637 3865 669 3927 p.
695 3849 765 3928 143,
791 3834 862 3909 ιιι.

279 3945 423 4032 ἄκριτον
447 3946 669 4030 ἀδιαχώριστον·
692 3947 771 4030 λέγει
793 3947 826 4010 δὲ
848 3946 895 4009 ἐπὶ
912 3949 964 4008 τοῦ
980 3947 1201 4031 πολυανδρείυυ·
1220 3947 1306 4032 ,τίμ-

177 4049 227 4134 βον
250 4083 292 4097 -
315 4050 330 4084 “
353 4047 400 4134 (H
422 4051 509 4134 336).
553 4049 604 4114 Et.
633 4047 676 4114 M.
700 4049 908 4133 ἀδιαχώριστα,
930 4049 1034 4112 πολλά·
1059 4049 1116 4112 ἀπδ
1140 4053 1192 4112 τοῦ
1214 4053 1307 4134 κρῖναι
1368 4117 1374 4135 Ι

177 4186 217 4200 ·-
242 4187 282 4200 ·-
305 4150 352 4216 Of.
376 4150 474 4218 schol.
497 4149 538 4216 H.
562 4154 624 4217 336
648 4151 870 4237 άδιαχιίιριστον,
893 4151 1064 4215 ἀδιάστατον
1089 4151 1208 4237 (nonne
1225 4151 1304 4214 ἀδιά-
