3098 4874
1229 324 1268 384 59

288 505 475 591 ἀμήχανοι
505 507 641 590 μηχάνην
664 505 719 570 οὐκ
740 505 859 591 ἔχοντες
881 555 888 572 .
913 555 921 571 .
945 555 952 570 .
976 507 1058 572 Item
1073 506 1140 573 fere
1154 505 1313 574 schollK

187 609 257 671 167.
282 606 309 670 0
335 610 375 670 14
397 612 429 672 ε1
449 607 501 672 Ε1.
524 605 567 670 M.

287 709 381 796 ἀμφὶ
406 709 580 795 πελέκκῳ.
625 710 672 773 τδν
701 710 837 773 στειλειὸν
867 709 945 794 λέγει
969 717 1022 795 τῆς
1044 710 1139 794 ἀξίνης
1161 709 1310 776 πέλεκκον.

182 811 241 874 ἀπὸ
277 815 330 875 τοῦ
363 811 512 880 πελέκεως
538 811 687 876 πέλεκκον.
732 811 791 876 Ηὶο
817 811 922 878 lucem
949 811 1045 877 effert
1071 811 1207 896 Hesych.
1236 813 1311 899 ἀμφὶ

180 911 292 976 πελέκ.;
328 913 459 977 πελέκιον
495 914 629 997 δίστομον
657 911 828 999 Κυρηναῖοι·
862 915 878 977 δ
906 915 940 978 δὲ
965 911 1157 999 Ἀρίσταρχος
1183 914 1231 976 τὸν
1258 920 1311 999 τῆς

181 1015 279 1098 ἀξίνης
311 1015 428 1078 στελεδν
463 1016 606 1080 ἀπέδωκε.
650 1015 723 1081 Vox
757 1021 841 1081 estat
873 1015 901 1080 N
930 1019 1004 1095 612,
1031 1015 1087 1080 ubi
1114 1015 1310 1100 Cyrenenses

182 1116 379 1200 conjunctim
406 1116 559 1200 legebant
580 1116 805 1203 &potestatuum
829 1118 982 1202 „securim
1004 1118 1190 1200 bipennem“
1212 1117 1309 1182 inter·

182 1223 356 1300 pretentes.
392 1256 433 1269 -
467 1219 616 1285 Ceterum
645 1220 685 1285 de
712 1221 828 1285 horum
854 1220 967 1285 studiis
996 1221 1174 1286 Homericis
1201 1220 1309 1286 videas

181 1319 317 1403 Sengeb.
339 1320 423 1385 Dias.
446 1319 462 1384 I
483 1341 515 1404 p.
541 1324 601 1384 190
624 1341 671 1404 sq.

284 1421 491 1508 ἀπφίβασις.
535 1422 664 1504 Duplex
696 1421 782 1488 vocis
815 1441 892 1486 usus
920 1421 1135 1505 distinguitur.
1174 1421 1309 1506 Proprie

178 1521 275 1600 enim,
298 1525 415 1608 κυρίως,
438 1523 522 1589 hanc
545 1523 726 1607 significare
747 1526 800 1608 τὴν
822 1525 889 1608 περὶ
910 1528 962 1587 τοῦ
982 1527 1087 1608 νεκροῦ
1103 1524 1254 1608 μοίχην-
1267 1561 1307 1574 --

178 1624 239 1687 ἀπδ
266 1628 323 1687 τῶν
351 1625 466 1709 ἀλόγων
494 1625 578 1712 ζῴων
606 1627 639 1689 τδ
667 1625 754 1689 πλέον
783 1629 803 1710 ἡ
828 1625 982 1712 μεταφορὰ
1003 1629 1074 1697 κτλ..
1097 1624 1253 1690 translate
1274 1628 1307 1690 τὸ

180 1726 370 1810 ὑπερμαχεῖν.
415 1727 649 1810 Disputationis
676 1748 833 1792 summam
861 1727 902 1794 ab
930 1727 1118 1792 Aristarcho
1140 1733 1307 1809 acceptam

178 1847 259 1906 esse,
286 1832 447 1892 testantur
474 1828 598 1894 scholia
624 1829 666 1894 ad
695 1826 720 1893 E
748 1833 799 1908 21,
828 1833 899 1894 299.
929 1828 954 1894 Θ
983 1833 1056 1894 331.
1079 1827 1107 1894 Ν
1130 1833 1202 1893 420.
1226 1826 1252 1892 Ρ
1275 1837 1305 1894 4.

178 1927 207 1992 Α
230 1933 281 1993 37.
303 1967 346 1980 -
367 1929 440 1994 Ηυυ
463 1930 559 1994 etiarn
581 1931 720 2012 pertinet
741 1931 835 1996 lexici
858 1933 966 2015 glossa
986 1953 1019 2014 p.
1038 1933 1097 1996 130
1113 1933 1307 2016 περιβῆναι

176 2032 366 2101 πεπτωκότος
388 2033 589 2117 ὑπερασπίσαι.

281 2133 491 2220 ἀμφιβρότη
518 2137 538 2219 ἡ
568 2136 633 2220 περὶ
656 2134 724 2198 ὅλον
746 2135 794 2197 τὸν
817 2134 974 2219 ἄνθρωπον
997 2133 1090 2202 ἀσπίς.
1135 2131 1183 2196 (ll.
1205 2133 1304 2198 schol.

176 2232 205 2300 B
234 2239 295 2299 389
324 2236 369 2299 ότι
390 2239 560 2322 ’περιφερεῖς
586 2260 613 2299 κ.
642 2236 835 2321 ἀνδρομήκεις
861 2236 892 2298 αἱ
917 2235 1045 2304 ἀσπίδες.
1089 2233 1170 2299 Item
1197 2234 1226 2297 A
1254 2237 1304 2299 32.

177 2335 315 2420 Propius
343 2337 440 2403 etiam
463 2339 505 2402 ad
527 2343 669 2403 nostram
693 2337 833 2420 glossam
856 2336 980 2402 accedit
1001 2336 1100 2403 schol.
1123 2360 1144 2421 η
1168 2339 1229 2401 292
1252 2337 1305 2422 ἀμ-

139 2474 141 2480 1
176 2437 254 2523 φιβρ.
281 2441 301 2523 ἡ
329 2438 450 2507 ἀσπὶς“
436 2463 455 2524 η
479 2439 611 2524 ἀμφοτρ
580 2438 691 2523 έρωδεν
715 2440 763 2502 τδν
787 2439 890 2524 βρυτδν
912 2437 1100 2523 περιέπουσα,
1124 2442 1156 2504 et
1142 2437 1232 2502 tEt.
1261 2437 1304 2503 Μ.

174 2558 200 2604 e.
227 2539 410 2626 ἀμφιβρότηε
438 2543 458 2626 ἡ
489 2541 671 2626 ἑκατέρωθεν
701 2541 748 2604 τον
779 2542 882 2627 βροτὸν
909 2541 1058 2605 σκέπουσα
1084 2540 1168 2608 ἀσπὶς
1190 2564 1217 2603 κ.
1239 2541 1305 2626 κρό-
1414 2585 1417 2592 .

172 2663 297 2722 πτουσα,
319 2644 500 2708 ποίντοδεν
487 2665 545 2728 ιση.

277 2746 513 2833 ἀμφιγύοισιν
540 2750 599 2816 τοῖς
626 2747 655 2834 ἐξ
682 2747 821 2833 ἑκατέρου
852 2748 959 2833 μέρους
985 2750 1098 2832 γυῶσαι
1124 2745 1303 2831 δυναμένοις,

174 2849 234 2912 οἷον
264 2850 382 2936 βλάψαι.
429 2849 546 2936 [atym.
574 2847 628 2914 Ma
659 2887 699 2898 —
722 2887 763 2897 —
785 2854 898 2933 γυῶσαι
919 2848 1067 2933 δυναμέν,
1090 2847 1108 2911 ό
1129 2847 1189 2911 ἐστι
1208 2851 1304 2932 χολῶ-

173 2969 222 3015 σαι
244 2987 286 3000 -
308 2951 355 3016 διὰ
377 2956 430 3037 τῆς
453 2952 652 3037 ἐπιδορατίδος
673 2976 700 3016 κ.
725 2955 777 3016 τοῦ
800 2957 1005 3038 σαυρωτῆροςι
1028 2951 1165 3015 fortasse
1186 2949 1304 3016 haece

172 3050 277 3119 lexico
305 3053 504 3138 exciderunt]
529 3052 599 3118 ἔνιοι
621 3054 654 3117 δὲ
675 3057 734 3122 τοῖς
756 3053 804 3117 διὰ
825 3053 925 3139 χειρός
947 3052 1114 3137 [1οι1οιευι
1137 3051 1185 3115 διὰ
1206 3051 1304 3116 ἑκατέ-

171 3177 227 3240 ρας
253 3155 365 3241 χειρός]
394 3155 565 3240 δυναμένοις
594 3155 676 3240 [soil.
700 3157 809 3242 βλάψαι
830 3155 880 3222 vol
901 3157 1047 3239 χολῶοαι)
1071 3205 1078 3219 .
1103 3203 1110 3220 .
1135 3203 1142 3218 .
1164 3153 1303 3220 Easdem

172 3257 279 3323 varias
306 3256 545 3340 explicationes,
580 3256 723 3335 lite-non
745 3257 915 3341 dirempta,
937 3255 1037 3322 schol.
1060 3255 1189 3321 exhibet
1210 3254 1252 3320 ad
1273 3255 1304 3318 N

175 3363 246 3424 147.
292 3359 433 3424 Tertiam
461 3359 552 3424 addit
579 3359 678 3424 hanc:
706 3360 734 3422 ot
761 3359 795 3424 δὲ
818 3363 1022 3446 μεταφορικῶς
1042 3357 1101 3422 ἄπδ
1123 3362 1180 3422 τῶν
1202 3357 1302 3440 γυίων,

170 3460 217 3524 ότι
238 3460 421 3546 ἑκατέρωθεν
444 3460 532 3546 ἄκρον
555 3459 627 3547 ἔχει·
651 3465 719 3546 γυῖα
740 3461 796 3548 γὰρ
819 3461 855 3526 τὰ
877 3461 962 3548 ἄκρα.

275 3563 533 3650 ἀνεμοτρεφές.
579 3563 743 3630 Articulus
778 3565 918 3648 optimus
951 3585 1024 3631 cum
1051 3564 1151 3631 schol.
1179 3563 1301 3630 Aristo·

172 3664 263 3730 niceo
275 3665 317 3730 ad
329 3666 354 3730 A
367 3669 430 3731 256
444 3667 602 3751 congruit.
626 3667 824 3751 Quamquam
834 3667 923 3733 haud
934 3667 1000 3733 scio
1012 3687 1064 3746 an,
1076 3666 1181 3732 forma
1191 3665 1301 3749 genui·

172 3787 215 3832 na
231 3767 365 3850 paulum
382 3767 515 3848 deflexa,
533 3769 640 3853 glossa
656 3769 836 3836 Aristarchi
852 3776 884 3836 et
900 3769 966 3835 alia
981 3768 1136 3851 quaedam
1152 3767 1186 3832 in
1202 3787 1302 3832 unum

172 3869 361 3936 coaluerint.
384 3871 476 3936 Nunc
488 3871 614 3953 quidem
624 3871 742 3956 legitur
754 3870 923 3938 articulus:
936 3871 977 3934 ct:
989 3869 1026 3933 τὰ
1037 3870 1066 3932 ἐν
1079 3872 1137 3938 τοῖς
1149 3867 1302 3955 acaum<

171 3973 339 4059 τρεφόμενα
355 3973 461 4058 δένδρα
477 3972 582 4036 ε’ότυνα
598 3975 646 4037 καὶ
661 3975 795 4060 χρήσιμά
811 3993 882 4062 φασι
897 3972 1053 4058 γίγνεσθαι·
1071 3971 1140 4037 όταν
1157 3969 1208 4036 οόν
1226 3972 1299 4058 λέγῃ

171 4075 273 4160 „drap
301 4074 405 4161 έγχος“
434 4075 495 4160 [ἐπὶ
521 4075 583 4142 hoc
611 4074 748 4161 delend.]
771 4078 824 4162 τὴν
847 4081 898 4140 τοῦ
921 4075 1042 4162 δένδρου
1065 4075 1172 4162 ἀρετὴν
1195 4075 1300 4162 ἀναφέ·

172 4199 218 4262 ρει
245 4177 287 4248 εἰς
313 4177 347 4240 τδ
374 4175 567 4264 ἀφῃρημένον
589 4176 623 4241 ἐκ
644 4176 749 4242 τούτου
773 4176 855 4263 δόρυ.
878 4181 940 4243 κτλ.
984 4177 1081 4244 Ιοί1ἱο
1103 4175 1231 4242 articuli
1253 4175 1299 4242 la·
