3098 4874
323 323 363 384 54

279 506 438 572 sententia
465 503 615 584 refutata,
643 509 752 571 noster
773 506 892 589 pergit:
922 503 1031 590 βέλτιον
1055 504 1141 567 δὲτὸ
1163 505 1276 589 πρῶτον
1298 539 1341 550 -
1362 540 1409 552 -

279 610 326 672 ἀεὶ
352 609 406 694 γὰρ
435 607 542 676 αὐτοὺς
568 608 745 693 κεκραγότας
773 609 891 692 εἰσάγει,
919 607 978 670 οἷον
1007 605 1030 670 Γ
1059 609 1141 669 2-
1165 605 1194 668 ἐν
1217 609 1278 673 ταῖς
1299 604 1410 690 εὐπρα-

278 713 352 794 γίαις
374 709 584 796 ἐπαιρομένους
605 713 666 774 κτλ.
700 709 844 774 Eandem
867 708 1101 794 etymologiam,
1124 707 1257 772 eandem
1278 727 1317 770 ex
1332 707 1410 789 ipsa

278 833 314 878 re
341 813 475 897 petitam
505 812 750 895 explicationem
773 811 872 877 schol.
916 810 1088 876 Aristonici
1110 809 1152 874 ad
1174 807 1202 872 N
1224 813 1262 872 41
1286 829 1408 892 propo·
1525 881 1526 896 .

278 915 335 980 nit.
379 915 426 980 of.
449 915 550 980 Lehrs
571 913 627 978 Ar.
652 913 742 977 Stud.
765 934 797 996 p.
822 916 892 978 144.

380 1017 583 1102 ἄγορεᾶειν.
628 1014 699 1080 Hoc
729 1013 919 1080 vocabulum
953 1018 985 1079 et
1016 1015 1123 1099 κυρίως
1155 1018 1188 1078 et
1213 1032 1408 1098 καταχρηστι-

279 1123 339 1187 κῶς
360 1119 512 1201 usurpari
531 1118 600 1201 jam
623 1117 676 1180 Ar.
704 1115 940 1195 animadvertit,
961 1119 998 1179 ut
1020 1115 1118 1180 schol.
1143 1114 1184 1179 ad
1206 1113 1229 1177 Σ
1252 1118 1314 1178 368
1336 1116 1407 1182 sine

280 1219 377 1284 dubio
404 1219 642 1284 Aristonioeum
669 1217 800 1284 indicat.
845 1217 892 1283 01.
921 1217 1057 1300 Hesych.
1086 1237 1110 1281 s.
1133 1217 1164 1281 h.
1187 1239 1215 1282 v.
1239 1222 1272 1282 et
1293 1217 1404 1284 Lehrs.

277 1322 331 1385 Ar.
356 1320 402 1386 St.
425 1343 456 1404 p.
483 1325 552 1385 148.

379 1424 573 1507 ἀγάασθαι.
618 1423 691 1488 Vox
717 1427 766 1489 est
794 1443 914 1502 earum,
943 1442 1023 1505 qvae
1045 1421 1140 1485 πολλὰ
1162 1422 1297 1506 σημαίνει
1316 1419 1404 1486 ideo·

277 1546 336 1608 qve
365 1525 405 1590 ab
434 1525 622 1590 Aristarcho
650 1525 799 1590 adnotari
826 1523 981 1588 solebant.
1027 1523 1175 1606 Singulas
1198 1522 1405 1606 significatio-

276 1647 343 1704 nes,
366 1627 477 1692 eodem
500 1627 567 1691 fere
581 1625 676 1690 modo
695 1631 789 1707 atqve
806 1625 921 1706 Apoll,
939 1625 1090 1690 exhibent
1107 1624 1217 1690 scholi.
1236 1625 1277 1689 ad
1296 1628 1313 1697 ζ
1332 1627 1402 1690 168.
1525 1679 1526 1704 ,

275 1725 306 1790 H
329 1731 379 1792 41.
404 1725 430 1790 Ρ
454 1731 505 1806 71,
529 1747 609 1809 qvae
632 1725 673 1791 ab
696 1727 876 1791 Aristonico
900 1727 1055 1810 originem
1077 1731 1236 1809 repetunt.

379 1830 580 1913 ἄγᾶννιφος
608 1827 681 1912 ἄγαν
704 1830 859 1912 χιονώδης.
905 1828 966 1913 [01.
993 1829 1044 1892 Et.
1068 1828 1110 1892 M.
1134 1829 1305 1915 ἄγᾶννιιρονι
1328 1829 1401 1912 ἄγαν
1525 1865 1526 1898 ι

275 1933 416 2016 χιονώδη,
444 1930 611 2016 rotonam,
635 1929 708 2014 ἄγαν
733 1929 911 2016 βαλλόμενον
934 1933 1040 2016 νιφετῷ
1065 1931 1137 2015 ..]
1176 1930 1252 1996 Mox
1274 1930 1402 2014 Olympi

275 2035 354 2099 duas
376 2033 523 2116 regiones
546 2032 721 2116 distinguit,
745 2033 925 2114 superiores
947 2040 979 2096 et
994 2032 1170 2110 inferiores,
1188 2031 1401 2114 singularum·
1525 2085 1526 2098 .

275 2157 334 2219 qve
358 2135 575 2201 condicionem
598 2135 750 2218 proponit
766 2134 936 2214 diversam,
960 2154 1061 2217 neqve
1076 2139 1178 2199 totum
1196 2146 1336 2198 montem
1353 2135 1401 2198 ni·
1525 2143 1526 2182 1

272 2258 384 2302 rosum
411 2257 489 2314 esse,
517 2237 618 2302 scd'e
646 2237 771 2302 ratione
792 2236 933 2319 partium
955 2235 1142 2300 inferiorum
1163 2236 1210 2300 ita
1232 2235 1399 2318 appellari.

274 2339 326 2402 cit.
351 2342 367 2409 t
389 2342 429 2401 42
452 2360 523 2421 sqq.
567 2339 617 2402 Ex
638 2339 688 2402 his
711 2344 847 2421 apparet
869 2337 1074 2420 Apollonium
1097 2338 1291 2420 cognovisse,
1315 2337 1398 2419 qvod
1525 2351 1526 2354 ’

277 2440 479 2505 Aristarchus
511 2440 678 2523 permultis
711 2440 987 2506 observationibus
1014 2439 1202 2518 stabilierat,
1226 2439 1398 2524 Olympum
1525 2475 1526 2532 γ

273 2563 324 2625 ap.
353 2541 528 2606 Homerum
557 2548 696 2606 montem
719 2563 797 2618 esse,
820 2562 885 2607 non
908 2542 1041 2619 coelum,
1065 2548 1097 2608 et
1118 2543 1246 2607 finxisse
1267 2548 1396 2625 poetam
1525 2537 1526 2584 ἶ

272 2679 312 2690 -
340 2649 376 2707 ut
402 2643 526 2708 Lehrsii
555 2649 629 2708 utar
656 2644 761 2708 verbis
790 2647 859 2729 (Ar.
882 2666 913 2728 p.
940 2645 1014 2728 165)
1037 2679 1080 2693 —-
1102 2644 1288 2728 ,Olympum
1310 2641 1397 2711 ultra

271 2743 372 2809 nubes
401 2745 620 2810 cacuminibus
647 2746 851 2826 eminentem3
881 2766 961 2829 qvae
988 2745 1072 2810 infra
1094 2745 1195 2811 nubes
1217 2746 1282 2810 sint
1303 2767 1396 2812 cacu-
1525 2787 1526 2826 3

272 2847 368 2926 mina,
390 2847 555 2911 hominum
577 2847 678 2912 oculis
702 2848 847 2930 exposita
870 2853 901 2912 et
923 2848 994 2911 nive
1016 2852 1111 2924 tecta,
1135 2868 1215 2930 qvae
1237 2847 1325 2912 ultra
1339 2869 1395 2913 uu·

271 2947 328 3012 bes
360 2949 402 3013 ab
436 2949 600 3014 hominum
629 2949 730 3014 oeulis
757 2954 890 3028 remota,
919 2948 965 3012 ibi
992 2947 1124 3012 deorum
1153 2947 1323 3028 domicilia,
1351 2950 1396 3014 ibi
1525 2939 1526 2996 1

272 3055 436 3114 aeternam
469 3049 648 3115 claritatem
677 3052 773 3116 esse.“
817 3050 907 3116 Haec
935 3049 1041 3114 omnia
1067 3049 1331 3134 lexicographnm
1357 3071 1397 3116 err
1525 3099 1526 3130 γ

270 3151 458 3216 Aristarcho
486 3153 667 3234 sumpsisse,
696 3157 794 3218 testes
820 3157 895 3216 sunt
917 3152 1040 3218 scholia
1067 3151 1245 3234 compluria
1272 3149 1301 3216 A
1323 3155 1394 3217 497.

270 3251 296 3316 n
327 3257 397 3332 104,
426 3259 458 3317 et
484 3255 658 3336 praecipue
686 3258 702 3327 t
729 3259 780 3334 44,
803 3255 936 3320 Lehrsio
955 3254 1122 3337 judicante
1143 3254 1394 3320 Aristarcheum.

271 3355 319 3419 of.
343 3356 440 3421 etiam
462 3355 560 3421 schol.
584 3356 622 3420 V.
647 3356 689 3421 ad
711 3359 740 3420 A
762 3359 835 3420 420.
880 3356 995 3421 Totum
1016 3355 1102 3420 huno
1123 3355 1229 3420 locum
1243 3357 1395 3424 Lehrsius

270 3456 438 3540 diligenter
460 3459 611 3522 tractavit
632 3479 663 3540 p.
690 3461 749 3522 165
773 3479 843 3542 sqq.

372 3557 517 3643 ἄγαλμα
544 3564 600 3624 πᾶν
629 3561 723 3647 ἐφ’ὧ
752 3584 793 3630 τις
815 3562 974 3644 ἀγαλλεται
995 3563 1043 3626 καὶ
1065 3561 1133 3647 οὐχὶ
1155 3563 1188 3626 τὸ
1210 3563 1311 3634 ξόανον
1332 3569 1394 3630 κτλ.
1525 3619 1526 3660 t

268 3661 316 3726 of.
345 3661 396 3726 nt.
420 3661 463 3726 M.
487 3699 528 3710 -
550 3699 592 3710 -
614 3663 772 3746 ἀγάλλεται
792 3687 819 3726 κ.
842 3665 949 3748 χαίρει,
971 3663 1024 3728 κᾶν
1047 3687 1079 3728 τε
1100 3666 1212 3751 ἱμάτιον
1233 3666 1265 3752 ἦ,
1287 3667 1340 3731 κᾶν
1363 3691 1395 3732 τι

266 3765 361 3828 εἰκών·
390 3766 417 3828 οἱ
445 3764 513 3851 μεθ’
535 3759 662 3850 Ὅμηρον
689 3767 808 3849 ποιηταὶ
833 3765 952 3850 ἄγαλμα
973 3767 1006 3829 τὸ
1027 3766 1138 3845 ξόανον,
1161 3787 1242 3850 qvae
1263 3768 1395 3852 Apollo·
1525 3761 1526 3800 ³

266 3868 355 3931 nium
377 3866 515 3932 reddunt
536 3867 752 3951 integriorem.
797 3866 861 3932 Sed
882 3867 1105 3933 Aristarchum
1127 3869 1207 3934 haec
1222 3870 1394 3953 explicatio

263 3968 388 4052 resipit,
417 3989 492 4033 nam
520 3975 551 4034 et
579 3965 727 4034 vocabuli
749 3989 826 4033 usus
849 3967 1037 4034 Homericus
1059 3971 1212 4036 statuitur
1233 3978 1275 4050 et,
1298 3992 1394 4055 qvam

267 4071 301 4134 in
328 4069 453 4153 vulgari
481 4071 709 4137 consuetudine
736 4071 843 4150 habet,
873 4071 1064 4156 significatio
1091 4073 1246 4156 rejicitur.
1291 4077 1422 4158 Atqve·

267 4173 403 4238 cundem
430 4173 511 4237 haec
538 4171 682 4237 referunt
707 4171 829 4238 fontem
857 4193 896 4239 ac
917 4174 1028 4239 scholi.
1050 4197 1069 4258 γ
1091 4179 1154 4240 438
1176 4175 1213 4240 E.
1237 4180 1270 4241 et
1289 4200 1308 4261 γ
1330 4181 1393 4244 274
