<?xml version="1.0" encoding="UTF-8"?>
<!DOCTYPE html PUBLIC "-//W3C//DTD XHTML 1.0 Transitional//EN"
    "http://www.w3.org/TR/xhtml1/DTD/xhtml1-transitional.dtd">
<html xmlns="http://www.w3.org/1999/xhtml" xml:lang="en" lang="en">
 <head>
  <title>
</title>
<meta http-equiv="Content-Type" content="text/html;charset=utf-8" />
  <meta name='ocr-system' content='tesseract 3.04.00' />
  <meta name='ocr-capabilities' content='ocr_page ocr_carea ocr_par ocr_line ocrx_word'/>
</head>
<body>
  <div class='ocr_page' id='page_1' title='image "./dearistarcholex00forsgoog_0053.png"; bbox 0 0 3098 4874; ppageno 0'>
   <div class='ocr_carea' id='block_1_1' title="bbox 337 345 378 406">
    <p class='ocr_par' dir='ltr' id='par_1_1' title="bbox 337 345 378 406">
     <span class='ocr_line' id='line_1_1' title="bbox 337 345 378 406; baseline -0.024 0"><span class='ocrx_word' id='word_1_1' title='bbox 337 345 378 406; x_wconf 87' lang='grc'><strong>46</strong></span> 
     </span>
    </p>
   </div>
   <div class='ocr_carea' id='block_1_2' title="bbox 293 529 1415 824">
    <p class='ocr_par' dir='ltr' id='par_1_2' title="bbox 293 529 1415 824">
     <span class='ocr_line' id='line_1_2' title="bbox 293 529 1415 615; baseline 0.004 -20"><span class='ocrx_word' id='word_1_2' title='bbox 293 530 454 614; x_wconf 90' lang='lat' dir='ltr'><strong>proponit,</strong></span> <span class='ocrx_word' id='word_1_3' title='bbox 481 530 666 614; x_wconf 78' lang='lat' dir='ltr'><strong>priusquam</strong></span> <span class='ocrx_word' id='word_1_4' title='bbox 687 531 799 594; x_wconf 79' lang='lat' dir='ltr'><strong>Arum</strong></span> <span class='ocrx_word' id='word_1_5' title='bbox 819 529 939 596; x_wconf 88' lang='lat' dir='ltr'><strong>laudat.</strong></span> <span class='ocrx_word' id='word_1_6' title='bbox 983 529 1072 596; x_wconf 90' lang='lat' dir='ltr'><strong>Haec</strong></span> <span class='ocrx_word' id='word_1_7' title='bbox 1094 531 1251 615; x_wconf 87' lang='lat' dir='ltr'><strong>qvomodo</strong></span> <span class='ocrx_word' id='word_1_8' title='bbox 1273 531 1359 602; x_wconf 89' lang='lat' dir='ltr'><strong>inter</strong></span> <span class='ocrx_word' id='word_1_9' title='bbox 1378 555 1415 600; x_wconf 91' lang='lat' dir='ltr'><strong>se</strong></span> 
     </span>
     <span class='ocr_line' id='line_1_3' title="bbox 294 631 1414 714; baseline 0.003 -15"><span class='ocrx_word' id='word_1_10' title='bbox 294 631 493 699; x_wconf 89' lang='lat' dir='ltr'><strong>concilianda</strong></span> <span class='ocrx_word' id='word_1_11' title='bbox 519 633 593 711; x_wconf 89' lang='lat' dir='ltr'><strong>sint,</strong></span> <span class='ocrx_word' id='word_1_12' title='bbox 620 632 737 698; x_wconf 88' lang='lat' dir='ltr'><strong>nescio.</strong></span> <span class='ocrx_word' id='word_1_13' title='bbox 781 631 944 698; x_wconf 89' lang='lat' dir='ltr'><strong>Alteruter</strong></span> <span class='ocrx_word' id='word_1_14' title='bbox 968 633 1059 700; x_wconf 91' lang='lat' dir='ltr'><strong>testis</strong></span> <span class='ocrx_word' id='word_1_15' title='bbox 1086 641 1182 714; x_wconf 84' lang='lat' dir='ltr'>erret,</span> <span class='ocrx_word' id='word_1_16' title='bbox 1203 655 1333 702; x_wconf 88' lang='lat' dir='ltr'><strong>necesse</strong></span> <span class='ocrx_word' id='word_1_17' title='bbox 1355 642 1414 702; x_wconf 89' lang='lat' dir='ltr'><strong>est.</strong></span> 
     </span>
     <span class='ocr_line' id='line_1_4' title="bbox 294 733 1414 824; baseline 0.004 -24"><span class='ocrx_word' id='word_1_18' title='bbox 294 735 328 800; x_wconf 88' lang='lat' dir='ltr'><strong>Si</strong></span> <span class='ocrx_word' id='word_1_19' title='bbox 354 735 554 801; x_wconf 79' lang='lat' dir='ltr'><strong>Aristonicus</strong></span> <span class='ocrx_word' id='word_1_20' title='bbox 581 733 620 800; x_wconf 91' lang='lat' dir='ltr'><strong>de</strong></span> <span class='ocrx_word' id='word_1_21' title='bbox 648 735 791 819; x_wconf 81' lang='lat' dir='ltr'><strong>magistri</strong></span> <span class='ocrx_word' id='word_1_22' title='bbox 817 735 974 800; x_wconf 88' lang='lat' dir='ltr'><strong>sententia</strong></span> <span class='ocrx_word' id='word_1_23' title='bbox 1001 738 1119 802; x_wconf 87' lang='lat' dir='ltr'><strong>errarit</strong></span> <span class='ocrx_word' id='word_1_24' title='bbox 1140 737 1188 824; x_wconf 89' lang='lat' dir='ltr'><strong>(id</strong></span> <span class='ocrx_word' id='word_1_25' title='bbox 1209 738 1293 821; x_wconf 88' lang='lat' dir='ltr'><strong>qvod</strong></span> <span class='ocrx_word' id='word_1_26' title='bbox 1315 739 1344 804; x_wconf 94' lang='lat' dir='ltr'><strong>ei</strong></span> <span class='ocrx_word' id='word_1_27' title='bbox 1364 739 1414 804; x_wconf 90' lang='lat' dir='ltr'><strong>in·</strong></span> 
     </span>
    </p>
   </div>
   <div class='ocr_carea' id='block_1_3' title="bbox 117 837 1525 4312">
    <p class='ocr_par' dir='ltr' id='par_1_3' title="bbox 289 837 1475 1944">
     <span class='ocr_line' id='line_1_5' title="bbox 293 837 1475 924; baseline 0.003 -22"><span class='ocrx_word' id='word_1_28' title='bbox 293 838 418 902; x_wconf 89' lang='lat' dir='ltr'><strong>terdnm</strong></span> <span class='ocrx_word' id='word_1_29' title='bbox 445 837 591 921; x_wconf 84' lang='lat' dir='ltr'><strong>contigit3</strong></span> <span class='ocrx_word' id='word_1_30' title='bbox 619 859 647 902; x_wconf 85' lang='lat' dir='ltr'><strong>v.</strong></span> <span class='ocrx_word' id='word_1_31' title='bbox 673 837 774 902; x_wconf 90' lang='lat' dir='ltr'><strong>Lehrs</strong></span> <span class='ocrx_word' id='word_1_32' title='bbox 800 838 856 901; x_wconf 91' lang='lat' dir='ltr'><strong>Ar.</strong></span> <span class='ocrx_word' id='word_1_33' title='bbox 886 841 924 902; x_wconf 86' lang='grc'><strong>17</strong></span> <span class='ocrx_word' id='word_1_34' title='bbox 952 857 998 921; x_wconf 88' lang='lat' dir='ltr'><strong>sq.</strong></span> <span class='ocrx_word' id='word_1_35' title='bbox 1027 844 1059 904; x_wconf 90' lang='lat' dir='ltr'><strong>et</strong></span> <span class='ocrx_word' id='word_1_36' title='bbox 1079 859 1220 922; x_wconf 87' lang='lat' dir='ltr'><strong>prooem.</strong></span> <span class='ocrx_word' id='word_1_37' title='bbox 1243 843 1413 924; x_wconf 90' lang='lat' dir='ltr'><strong>nostrum),</strong></span> <span class='ocrx_word' id='word_1_38' title='bbox 1472 899 1475 906; x_wconf 93' lang='lat'><strong>.</strong></span> 
     </span>
     <span class='ocr_line' id='line_1_6' title="bbox 291 939 1415 1023; baseline 0.006 -20"><span class='ocrx_word' id='word_1_39' title='bbox 291 939 438 1005; x_wconf 84' lang='lat' dir='ltr'><strong>ridentur</strong></span> <span class='ocrx_word' id='word_1_40' title='bbox 459 945 492 1004; x_wconf 90' lang='lat' dir='ltr'><strong>et</strong></span> <span class='ocrx_word' id='word_1_41' title='bbox 513 958 551 1004; x_wconf 89' lang='lat' dir='ltr'><strong>ea</strong></span> <span class='ocrx_word' id='word_1_42' title='bbox 573 959 652 1022; x_wconf 89' lang='lat' dir='ltr'><strong>qvae</strong></span> <span class='ocrx_word' id='word_1_43' title='bbox 673 939 742 1022; x_wconf 91' lang='lat' dir='ltr'><strong>ipse</strong></span> <span class='ocrx_word' id='word_1_44' title='bbox 764 939 841 1005; x_wconf 87' lang='lat' dir='ltr'><strong>dicit</strong></span> <span class='ocrx_word' id='word_1_45' title='bbox 861 945 894 1006; x_wconf 92' lang='lat' dir='ltr'><strong>et</strong></span> <span class='ocrx_word' id='word_1_46' title='bbox 915 960 995 1023; x_wconf 83' lang='lat' dir='ltr'><strong>qvae</strong></span> <span class='ocrx_word' id='word_1_47' title='bbox 1009 941 1058 1006; x_wconf 92' lang='lat' dir='ltr'><strong>his</strong></span> <span class='ocrx_word' id='word_1_48' title='bbox 1073 942 1189 1007; x_wconf 82' lang='lat' dir='ltr'><strong>similia</strong></span> <span class='ocrx_word' id='word_1_49' title='bbox 1202 943 1236 1006; x_wconf 89' lang='lat' dir='ltr'><strong>in</strong></span> <span class='ocrx_word' id='word_1_50' title='bbox 1250 942 1344 1010; x_wconf 87' lang='lat' dir='ltr'><strong>lexici</strong></span> <span class='ocrx_word' id='word_1_51' title='bbox 1361 964 1415 1010; x_wconf 89' lang='lat' dir='ltr'><strong>ar·</strong></span> 
     </span>
     <span class='ocr_line' id='line_1_7' title="bbox 291 1041 1413 1126; baseline 0.005 -20"><span class='ocrx_word' id='word_1_52' title='bbox 291 1043 389 1108; x_wconf 88' lang='lat' dir='ltr'><strong>ticulo</strong></span> <span class='ocrx_word' id='word_1_53' title='bbox 411 1041 570 1124; x_wconf 89' lang='lat' dir='ltr'><strong>prodeunt</strong></span> <span class='ocrx_word' id='word_1_54' title='bbox 591 1041 633 1106; x_wconf 87' lang='lat' dir='ltr'><strong>ad</strong></span> <span class='ocrx_word' id='word_1_55' title='bbox 654 1042 848 1125; x_wconf 79' lang='lat' dir='ltr'><strong>posteriores</strong></span> <span class='ocrx_word' id='word_1_56' title='bbox 869 1043 937 1108; x_wconf 81' lang='lat' dir='ltr'><strong>Ari</strong></span> <span class='ocrx_word' id='word_1_57' title='bbox 960 1043 1132 1126; x_wconf 90' lang='lat' dir='ltr'><strong>discipulos</strong></span> <span class='ocrx_word' id='word_1_58' title='bbox 1151 1045 1318 1111; x_wconf 88' lang='lat' dir='ltr'><strong>referenda</strong></span> <span class='ocrx_word' id='word_1_59' title='bbox 1333 1067 1413 1126; x_wconf 89' lang='lat' dir='ltr'><strong>esso,</strong></span> 
     </span>
     <span class='ocr_line' id='line_1_8' title="bbox 292 1143 1413 1232; baseline 0.005 -23"><span class='ocrx_word' id='word_1_60' title='bbox 292 1146 344 1228; x_wconf 87' lang='lat' dir='ltr'><strong>qvi</strong></span> <span class='ocrx_word' id='word_1_61' title='bbox 366 1143 440 1227; x_wconf 88' lang='lat' dir='ltr'><strong>qvid</strong></span> <span class='ocrx_word' id='word_1_62' title='bbox 462 1145 519 1208; x_wconf 87' lang='lat' dir='ltr'><strong>Ar.</strong></span> <span class='ocrx_word' id='word_1_63' title='bbox 540 1145 756 1226; x_wconf 80' lang='lat' dir='ltr'><strong>praecepisset</strong></span> <span class='ocrx_word' id='word_1_64' title='bbox 776 1144 809 1208; x_wconf 92' lang='lat' dir='ltr'><strong>in</strong></span> <span class='ocrx_word' id='word_1_65' title='bbox 831 1144 992 1210; x_wconf 89' lang='lat' dir='ltr'><strong>nonnullis</strong></span> <span class='ocrx_word' id='word_1_66' title='bbox 1012 1145 1214 1229; x_wconf 79' lang='lat' dir='ltr'><strong>ignorabant.</strong></span> <span class='ocrx_word' id='word_1_67' title='bbox 1252 1148 1314 1232; x_wconf 91' lang='lat' dir='ltr'><strong>(De</strong></span> <span class='ocrx_word' id='word_1_68' title='bbox 1329 1148 1413 1232; x_wconf 86' lang='lat' dir='ltr'><strong>ejus-</strong></span> 
     </span>
     <span class='ocr_line' id='line_1_9' title="bbox 291 1245 1412 1332; baseline 0.004 -21"><span class='ocrx_word' id='word_1_69' title='bbox 291 1247 378 1312; x_wconf 89' lang='lat' dir='ltr'><strong>modi</strong></span> <span class='ocrx_word' id='word_1_70' title='bbox 401 1245 550 1325; x_wconf 90' lang='lat' dir='ltr'><strong>„scholae</strong></span> <span class='ocrx_word' id='word_1_71' title='bbox 571 1253 700 1312; x_wconf 88' lang='lat' dir='ltr'><strong>errore“</strong></span> <span class='ocrx_word' id='word_1_72' title='bbox 723 1269 751 1312; x_wconf 90' lang='lat' dir='ltr'><strong>v.</strong></span> <span class='ocrx_word' id='word_1_73' title='bbox 772 1247 809 1311; x_wconf 86' lang='lat' dir='ltr'><strong>L.</strong></span> <span class='ocrx_word' id='word_1_74' title='bbox 831 1248 886 1312; x_wconf 85' lang='lat' dir='ltr'><strong>Ar.</strong></span> <span class='ocrx_word' id='word_1_75' title='bbox 912 1251 951 1311; x_wconf 81' lang='lat'><strong>17</strong></span> <span class='ocrx_word' id='word_1_76' title='bbox 974 1248 1046 1330; x_wconf 86' lang='lat' dir='ltr'><strong>sq.).</strong></span> <span class='ocrx_word' id='word_1_77' title='bbox 1092 1247 1147 1313; x_wconf 85' lang='lat' dir='ltr'><strong>Sin</strong></span> <span class='ocrx_word' id='word_1_78' title='bbox 1169 1251 1230 1332; x_wconf 90' lang='lat' dir='ltr'><strong>Ap.</strong></span> <span class='ocrx_word' id='word_1_79' title='bbox 1252 1251 1286 1314; x_wconf 91' lang='lat' dir='ltr'><strong>in</strong></span> <span class='ocrx_word' id='word_1_80' title='bbox 1303 1271 1412 1316; x_wconf 90' lang='lat' dir='ltr'><strong>errore</strong></span> 
     </span>
     <span class='ocr_line' id='line_1_10' title="bbox 290 1348 1412 1434; baseline 0.004 -19"><span class='ocrx_word' id='word_1_81' title='bbox 290 1357 445 1428; x_wconf 88' lang='lat' dir='ltr'><strong>versatur,</strong></span> <span class='ocrx_word' id='word_1_82' title='bbox 473 1369 491 1414; x_wconf 91' lang='lat' dir='ltr'><strong>e</strong></span> <span class='ocrx_word' id='word_1_83' title='bbox 518 1348 660 1414; x_wconf 90' lang='lat' dir='ltr'><strong>fontibus</strong></span> <span class='ocrx_word' id='word_1_84' title='bbox 680 1349 825 1415; x_wconf 89' lang='lat' dir='ltr'><strong>hausisse</strong></span> <span class='ocrx_word' id='word_1_85' title='bbox 845 1349 970 1415; x_wconf 85' lang='lat' dir='ltr'><strong>ridetur</strong></span> <span class='ocrx_word' id='word_1_86' title='bbox 991 1350 1121 1433; x_wconf 89' lang='lat' dir='ltr'><strong>vitiosis,</strong></span> <span class='ocrx_word' id='word_1_87' title='bbox 1144 1352 1257 1434; x_wconf 87' lang='lat' dir='ltr'><strong>qvibus</strong></span> <span class='ocrx_word' id='word_1_88' title='bbox 1279 1353 1412 1420; x_wconf 82' lang='lat' dir='ltr'><strong>confusa</strong></span> 
     </span>
     <span class='ocr_line' id='line_1_11' title="bbox 291 1451 1412 1537; baseline 0.004 -19"><span class='ocrx_word' id='word_1_89' title='bbox 291 1458 324 1518; x_wconf 90' lang='lat' dir='ltr'><strong>et</strong></span> <span class='ocrx_word' id='word_1_90' title='bbox 350 1458 502 1536; x_wconf 88' lang='lat' dir='ltr'><strong>corrupta</strong></span> <span class='ocrx_word' id='word_1_91' title='bbox 528 1452 674 1537; x_wconf 85' lang='lat' dir='ltr'><strong>magistri</strong></span> <span class='ocrx_word' id='word_1_92' title='bbox 696 1451 843 1518; x_wconf 90' lang='lat' dir='ltr'><strong>doctrina</strong></span> <span class='ocrx_word' id='word_1_93' title='bbox 864 1451 1078 1533; x_wconf 83' lang='lat' dir='ltr'><strong>referebatur3</strong></span> <span class='ocrx_word' id='word_1_94' title='bbox 1106 1454 1227 1520; x_wconf 86' lang='lat' dir='ltr'><strong>seilicet</strong></span> <span class='ocrx_word' id='word_1_95' title='bbox 1248 1455 1300 1520; x_wconf 91' lang='lat' dir='ltr'><strong>hic</strong></span> <span class='ocrx_word' id='word_1_96' title='bbox 1322 1455 1412 1522; x_wconf 91' lang='lat' dir='ltr'><strong>locus</strong></span> 
     </span>
     <span class='ocr_line' id='line_1_12' title="bbox 290 1555 1410 1645; baseline 0.005 -25"><span class='ocrx_word' id='word_1_97' title='bbox 290 1555 516 1640; x_wconf 88' lang='lat' dir='ltr'><strong>grammaticos</strong></span> <span class='ocrx_word' id='word_1_98' title='bbox 548 1555 664 1638; x_wconf 89' lang='lat' dir='ltr'><strong>arguit,</strong></span> <span class='ocrx_word' id='word_1_99' title='bbox 696 1556 760 1645; x_wconf 83' lang='lat' dir='ltr'><strong>qvi,</strong></span> <span class='ocrx_word' id='word_1_100' title='bbox 793 1576 866 1621; x_wconf 90' lang='lat' dir='ltr'><strong>cum</strong></span> <span class='ocrx_word' id='word_1_101' title='bbox 896 1556 1042 1639; x_wconf 85' lang='lat' dir='ltr'><strong>magistri</strong></span> <span class='ocrx_word' id='word_1_102' title='bbox 1074 1557 1195 1640; x_wconf 90' lang='lat' dir='ltr'><strong>placita</strong></span> <span class='ocrx_word' id='word_1_103' title='bbox 1220 1558 1315 1624; x_wconf 89' lang='lat' dir='ltr'><strong>modo</strong></span> <span class='ocrx_word' id='word_1_104' title='bbox 1343 1581 1410 1626; x_wconf 69' lang='lat' dir='ltr'><strong>mun</strong></span> 
     </span>
     <span class='ocr_line' id='line_1_13' title="bbox 289 1656 1411 1742; baseline 0.004 -19"><span class='ocrx_word' id='word_1_105' title='bbox 289 1664 369 1737; x_wconf 83' lang='lat' dir='ltr'><strong>tata,</strong></span> <span class='ocrx_word' id='word_1_106' title='bbox 396 1657 490 1722; x_wconf 91' lang='lat' dir='ltr'><strong>modo</strong></span> <span class='ocrx_word' id='word_1_107' title='bbox 516 1657 628 1722; x_wconf 87' lang='lat' dir='ltr'><strong>leviter</strong></span> <span class='ocrx_word' id='word_1_108' title='bbox 655 1656 779 1723; x_wconf 88' lang='lat' dir='ltr'><strong>deflexa</strong></span> <span class='ocrx_word' id='word_1_109' title='bbox 805 1678 864 1723; x_wconf 90' lang='lat' dir='ltr'><strong>sua</strong></span> <span class='ocrx_word' id='word_1_110' title='bbox 889 1657 1042 1735; x_wconf 88' lang='lat' dir='ltr'><strong>facerent,</strong></span> <span class='ocrx_word' id='word_1_111' title='bbox 1065 1681 1145 1742; x_wconf 86' lang='lat' dir='ltr'><strong>qvae</strong></span> <span class='ocrx_word' id='word_1_112' title='bbox 1166 1659 1208 1724; x_wconf 90' lang='lat' dir='ltr'><strong>ah</strong></span> <span class='ocrx_word' id='word_1_113' title='bbox 1229 1660 1285 1726; x_wconf 91' lang='lat' dir='ltr'><strong>illo</strong></span> <span class='ocrx_word' id='word_1_114' title='bbox 1307 1661 1411 1728; x_wconf 89' lang='lat' dir='ltr'><strong>aliena</strong></span> 
     </span>
     <span class='ocr_line' id='line_1_14' title="bbox 290 1758 1410 1844; baseline 0.003 -19"><span class='ocrx_word' id='word_1_115' title='bbox 290 1764 382 1825; x_wconf 87' lang='lat' dir='ltr'><strong>erant</strong></span> <span class='ocrx_word' id='word_1_116' title='bbox 402 1780 461 1842; x_wconf 93' lang='lat' dir='ltr'><strong>pro</strong></span> <span class='ocrx_word' id='word_1_117' title='bbox 484 1759 552 1842; x_wconf 90' lang='lat' dir='ltr'><strong>ejus</strong></span> <span class='ocrx_word' id='word_1_118' title='bbox 574 1758 720 1824; x_wconf 85' lang='lat' dir='ltr'><strong>doctrina</strong></span> <span class='ocrx_word' id='word_1_119' title='bbox 740 1759 822 1825; x_wconf 87' lang='lat' dir='ltr'><strong>falso</strong></span> <span class='ocrx_word' id='word_1_120' title='bbox 844 1759 1044 1844; x_wconf 84' lang='lat' dir='ltr'><strong>evulgabant.</strong></span> <span class='ocrx_word' id='word_1_121' title='bbox 1088 1761 1184 1828; x_wconf 89' lang='lat' dir='ltr'><strong>Haud</strong></span> <span class='ocrx_word' id='word_1_122' title='bbox 1205 1763 1270 1828; x_wconf 91' lang='lat' dir='ltr'><strong>scio</strong></span> <span class='ocrx_word' id='word_1_123' title='bbox 1292 1769 1410 1843; x_wconf 88' lang='lat' dir='ltr'><strong>tamen,</strong></span> 
     </span>
     <span class='ocr_line' id='line_1_15' title="bbox 290 1861 1190 1944; baseline 0 -16"><span class='ocrx_word' id='word_1_124' title='bbox 290 1883 332 1928; x_wconf 89' lang='lat' dir='ltr'><strong>an</strong></span> <span class='ocrx_word' id='word_1_125' title='bbox 353 1861 457 1944; x_wconf 85' lang='lat' dir='ltr'><strong>Apoll.</strong></span> <span class='ocrx_word' id='word_1_126' title='bbox 481 1862 512 1925; x_wconf 92' lang='lat' dir='ltr'><strong>h.</strong></span> <span class='ocrx_word' id='word_1_127' title='bbox 535 1861 557 1926; x_wconf 90' lang='lat' dir='ltr'><strong>l.</strong></span> <span class='ocrx_word' id='word_1_128' title='bbox 579 1866 667 1927; x_wconf 88' lang='lat' dir='ltr'><strong>recte</strong></span> <span class='ocrx_word' id='word_1_129' title='bbox 690 1861 819 1942; x_wconf 81' lang='lat' dir='ltr'><strong>dixerit3</strong></span> <span class='ocrx_word' id='word_1_130' title='bbox 843 1862 882 1927; x_wconf 88' lang='lat' dir='ltr'><strong>ef.</strong></span> <span class='ocrx_word' id='word_1_131' title='bbox 906 1861 1007 1928; x_wconf 84' lang='lat' dir='ltr'><strong>Seiler</strong></span> <span class='ocrx_word' id='word_1_132' title='bbox 1029 1863 1190 1930; x_wconf 85' lang='lat' dir='ltr'><strong>Wiirterb.</strong></span> 
     </span>
    </p>

    <p class='ocr_par' dir='ltr' id='par_1_4' title="bbox 286 1963 1525 2974">
     <span class='ocr_line' id='line_1_16' title="bbox 391 1963 1410 2050; baseline 0.004 -22"><span class='ocrx_word' id='word_1_133' title='bbox 391 1966 589 2050; x_wconf 67' lang='grc' dir='ltr'>συμφερτὴ.</span> <span class='ocrx_word' id='word_1_134' title='bbox 632 1963 774 2029; x_wconf 90' lang='lat' dir='ltr'><strong>Primam</strong></span> <span class='ocrx_word' id='word_1_135' title='bbox 802 1965 863 2046; x_wconf 88' lang='lat' dir='ltr'><strong>Ap.</strong></span> <span class='ocrx_word' id='word_1_136' title='bbox 891 1964 986 2030; x_wconf 86' lang='lat' dir='ltr'><strong>affert</strong></span> <span class='ocrx_word' id='word_1_137' title='bbox 1013 1965 1145 2032; x_wconf 87' lang='lat' dir='ltr'><strong>Comani</strong></span> <span class='ocrx_word' id='word_1_138' title='bbox 1173 1967 1410 2050; x_wconf 87' lang='lat' dir='ltr'><strong>interpretatio-</strong></span> 
     </span>
     <span class='ocr_line' id='line_1_17' title="bbox 288 2064 1410 2155; baseline 0 -22"><span class='ocrx_word' id='word_1_139' title='bbox 288 2089 359 2134; x_wconf 91' lang='lat' dir='ltr'><strong>nem</strong></span> <span class='ocrx_word' id='word_1_140' title='bbox 383 2087 427 2133; x_wconf 88' lang='lat' dir='ltr'><strong>vs.</strong></span> <span class='ocrx_word' id='word_1_141' title='bbox 451 2064 479 2130; x_wconf 93' lang='lat' dir='ltr'>N</span> <span class='ocrx_word' id='word_1_142' title='bbox 502 2069 563 2131; x_wconf 82' lang='lat'><strong>257</strong></span> <span class='ocrx_word' id='word_1_143' title='bbox 586 2087 698 2154; x_wconf 83' lang='grc' dir='ltr'>,,συμφ.</span> <span class='ocrx_word' id='word_1_144' title='bbox 723 2069 749 2132; x_wconf 87' lang='grc' dir='ltr'><strong>δ’</strong></span> <span class='ocrx_word' id='word_1_145' title='bbox 772 2067 863 2152; x_wconf 71' lang='grc' dir='ltr'><strong>ἀρετὴ</strong></span> <span class='ocrx_word' id='word_1_146' title='bbox 883 2067 967 2131; x_wconf 80' lang='grc' dir='ltr'>πέλει</span> <span class='ocrx_word' id='word_1_147' title='bbox 979 2069 1090 2154; x_wconf 84' lang='grc' dir='ltr'>ἀνδρῶν</span> <span class='ocrx_word' id='word_1_148' title='bbox 1105 2070 1156 2132; x_wconf 84' lang='grc' dir='ltr'><strong>καί</strong></span> <span class='ocrx_word' id='word_1_149' title='bbox 1169 2071 1248 2153; x_wconf 60' lang='lat' dir='ltr'><strong>palu</strong></span> <span class='ocrx_word' id='word_1_150' title='bbox 1263 2073 1410 2155; x_wconf 79' lang='grc' dir='ltr'>λυγρῶν,“</span> 
     </span>
     <span class='ocr_line' id='line_1_18' title="bbox 288 2169 1411 2256; baseline -0.001 -19"><span class='ocrx_word' id='word_1_151' title='bbox 288 2175 321 2237; x_wconf 89' lang='lat' dir='ltr'><strong>et</strong></span> <span class='ocrx_word' id='word_1_152' title='bbox 348 2170 450 2236; x_wconf 89' lang='lat' dir='ltr'><strong>oritur</strong></span> <span class='ocrx_word' id='word_1_153' title='bbox 476 2169 628 2253; x_wconf 75' lang='lat' dir='ltr'><strong>quaestio,</strong></span> <span class='ocrx_word' id='word_1_154' title='bbox 655 2175 763 2234; x_wconf 90' lang='lat' dir='ltr'><strong>utrum</strong></span> <span class='ocrx_word' id='word_1_155' title='bbox 788 2170 860 2253; x_wconf 90' lang='lat' dir='ltr'><strong>ipsa</strong></span> <span class='ocrx_word' id='word_1_156' title='bbox 886 2171 982 2254; x_wconf 89' lang='lat' dir='ltr'><strong>hujus</strong></span> <span class='ocrx_word' id='word_1_157' title='bbox 1008 2172 1129 2254; x_wconf 89' lang='lat' dir='ltr'><strong>scripta</strong></span> <span class='ocrx_word' id='word_1_158' title='bbox 1150 2171 1204 2236; x_wconf 92' lang='lat' dir='ltr'><strong>ille</strong></span> <span class='ocrx_word' id='word_1_159' title='bbox 1225 2173 1411 2256; x_wconf 87' lang='lat' dir='ltr'><strong>inspexerit,</strong></span> 
     </span>
     <span class='ocr_line' id='line_1_19' title="bbox 288 2272 1412 2358; baseline 0.002 -20"><span class='ocrx_word' id='word_1_160' title='bbox 288 2293 339 2352; x_wconf 88' lang='lat' dir='ltr'><strong>an,</strong></span> <span class='ocrx_word' id='word_1_161' title='bbox 363 2295 458 2356; x_wconf 89' lang='lat' dir='ltr'><strong>qvum</strong></span> <span class='ocrx_word' id='word_1_162' title='bbox 479 2273 617 2337; x_wconf 88' lang='lat' dir='ltr'><strong>sciamus</strong></span> <span class='ocrx_word' id='word_1_163' title='bbox 638 2272 860 2338; x_wconf 81' lang='lat' dir='ltr'><strong>Aristarchum</strong></span> <span class='ocrx_word' id='word_1_164' title='bbox 881 2274 1033 2340; x_wconf 90' lang='lat' dir='ltr'><strong>adversus</strong></span> <span class='ocrx_word' id='word_1_165' title='bbox 1056 2274 1231 2340; x_wconf 83' lang='lat' dir='ltr'><strong>Gomanum</strong></span> <span class='ocrx_word' id='word_1_166' title='bbox 1245 2275 1412 2358; x_wconf 87' lang='lat' dir='ltr'><strong>scripsisse</strong></span> 
     </span>
     <span class='ocr_line' id='line_1_20' title="bbox 288 2374 1409 2464; baseline 0 -23"><span class='ocrx_word' id='word_1_167' title='bbox 288 2376 543 2442; x_wconf 83' lang='lat' dir='ltr'><strong>dissertationem</strong></span> <span class='ocrx_word' id='word_1_168' title='bbox 561 2374 712 2459; x_wconf 88' lang='lat' dir='ltr'><strong>(Sengeb.</strong></span> <span class='ocrx_word' id='word_1_169' title='bbox 735 2375 761 2454; x_wconf 92' lang='grc' dir='ltr'><strong>Ι,</strong></span> <span class='ocrx_word' id='word_1_170' title='bbox 786 2377 852 2464; x_wconf 81' lang='grc'>59),</span> <span class='ocrx_word' id='word_1_171' title='bbox 872 2397 911 2442; x_wconf 89' lang='lat' dir='ltr'><strong>ex</strong></span> <span class='ocrx_word' id='word_1_172' title='bbox 932 2377 989 2442; x_wconf 90' lang='lat' dir='ltr'><strong>illa</strong></span> <span class='ocrx_word' id='word_1_173' title='bbox 1012 2397 1084 2442; x_wconf 92' lang='lat' dir='ltr'><strong>eum</strong></span> <span class='ocrx_word' id='word_1_174' title='bbox 1101 2377 1292 2460; x_wconf 90' lang='lat' dir='ltr'><strong>cognoverit.</strong></span> <span class='ocrx_word' id='word_1_175' title='bbox 1327 2377 1409 2444; x_wconf 83' lang='lat' dir='ltr'><strong>Con-</strong></span> 
     </span>
     <span class='ocr_line' id='line_1_21' title="bbox 287 2477 1525 2563; baseline 0.002 -17"><span class='ocrx_word' id='word_1_176' title='bbox 287 2479 405 2546; x_wconf 89' lang='lat' dir='ltr'><strong>trarias</strong></span> <span class='ocrx_word' id='word_1_177' title='bbox 432 2479 464 2543; x_wconf 93' lang='lat' dir='ltr'><strong>in</strong></span> <span class='ocrx_word' id='word_1_178' title='bbox 492 2483 601 2561; x_wconf 90' lang='lat' dir='ltr'><strong>partes</strong></span> <span class='ocrx_word' id='word_1_179' title='bbox 629 2477 668 2543; x_wconf 92' lang='lat' dir='ltr'><strong>de</strong></span> <span class='ocrx_word' id='word_1_180' title='bbox 690 2479 752 2544; x_wconf 92' lang='lat' dir='ltr'><strong>hao</strong></span> <span class='ocrx_word' id='word_1_181' title='bbox 773 2499 809 2544; x_wconf 91' lang='lat' dir='ltr'><strong>re</strong></span> <span class='ocrx_word' id='word_1_182' title='bbox 832 2479 989 2563; x_wconf 88' lang='lat' dir='ltr'><strong>disputari</strong></span> <span class='ocrx_word' id='word_1_183' title='bbox 1010 2484 1124 2562; x_wconf 90' lang='lat' dir='ltr'><strong>potest.</strong></span> <span class='ocrx_word' id='word_1_184' title='bbox 1169 2479 1252 2544; x_wconf 88' lang='lat' dir='ltr'><strong>Nam</strong></span> <span class='ocrx_word' id='word_1_185' title='bbox 1274 2501 1355 2563; x_wconf 90' lang='lat' dir='ltr'><strong>qvae</strong></span> <span class='ocrx_word' id='word_1_186' title='bbox 1375 2481 1409 2548; x_wconf 90' lang='lat' dir='ltr'><strong>iu</strong></span> <span class='ocrx_word' id='word_1_187' title='bbox 1524 2505 1525 2536; x_wconf 56' lang='lat' dir='ltr'><strong>l</strong></span> 
     </span>
     <span class='ocr_line' id='line_1_22' title="bbox 287 2579 1525 2667; baseline 0.002 -21"><span class='ocrx_word' id='word_1_188' title='bbox 287 2582 391 2666; x_wconf 91' lang='lat' dir='ltr'><strong>Apoll.</strong></span> <span class='ocrx_word' id='word_1_189' title='bbox 414 2580 475 2646; x_wconf 88' lang='lat' dir='ltr'><strong>lex.</strong></span> <span class='ocrx_word' id='word_1_190' title='bbox 498 2579 557 2645; x_wconf 90' lang='lat' dir='ltr'><strong>suh</strong></span> <span class='ocrx_word' id='word_1_191' title='bbox 579 2579 688 2644; x_wconf 81' lang='grc' dir='ltr'>ἄταλλε</span> <span class='ocrx_word' id='word_1_192' title='bbox 710 2587 743 2646; x_wconf 93' lang='lat' dir='ltr'><strong>et</strong></span> <span class='ocrx_word' id='word_1_193' title='bbox 764 2581 950 2667; x_wconf 82' lang='grc' dir='ltr'>ὀλοοίτροχος</span> <span class='ocrx_word' id='word_1_194' title='bbox 972 2582 1104 2648; x_wconf 81' lang='lat' dir='ltr'><strong>Comani</strong></span> <span class='ocrx_word' id='word_1_195' title='bbox 1126 2581 1247 2664; x_wconf 90' lang='lat' dir='ltr'><strong>placita</strong></span> <span class='ocrx_word' id='word_1_196' title='bbox 1269 2581 1406 2649; x_wconf 87' lang='lat' dir='ltr'><strong>afferun-</strong></span> <span class='ocrx_word' id='word_1_197' title='bbox 1524 2617 1525 2622; x_wconf 43' lang='lat'><strong>.</strong></span> 
     </span>
     <span class='ocr_line' id='line_1_23' title="bbox 287 2681 1525 2768; baseline -0.001 -17"><span class='ocrx_word' id='word_1_198' title='bbox 287 2691 350 2765; x_wconf 92' lang='lat' dir='ltr'><strong>tur,</strong></span> <span class='ocrx_word' id='word_1_199' title='bbox 366 2691 433 2750; x_wconf 89' lang='lat' dir='ltr'><strong>tam</strong></span> <span class='ocrx_word' id='word_1_200' title='bbox 450 2681 566 2748; x_wconf 85' lang='lat' dir='ltr'><strong>diffusa</strong></span> <span class='ocrx_word' id='word_1_201' title='bbox 581 2689 657 2749; x_wconf 88' lang='lat' dir='ltr'><strong>sunt</strong></span> <span class='ocrx_word' id='word_1_202' title='bbox 672 2703 712 2749; x_wconf 88' lang='lat' dir='ltr'><strong>ac</strong></span> <span class='ocrx_word' id='word_1_203' title='bbox 727 2686 873 2766; x_wconf 90' lang='lat' dir='ltr'><strong>verbosa,</strong></span> <span class='ocrx_word' id='word_1_204' title='bbox 889 2691 925 2766; x_wconf 78' lang='lat' dir='ltr'><strong>ut</strong></span> <span class='ocrx_word' id='word_1_205' title='bbox 940 2685 1108 2751; x_wconf 85' lang='lat' dir='ltr'><strong>rideantur</strong></span> <span class='ocrx_word' id='word_1_206' title='bbox 1119 2685 1270 2768; x_wconf 88' lang='lat' dir='ltr'><strong>exipsius</strong></span> <span class='ocrx_word' id='word_1_207' title='bbox 1281 2685 1409 2768; x_wconf 90' lang='lat' dir='ltr'><strong>scriptis</strong></span> <span class='ocrx_word' id='word_1_208' title='bbox 1524 2727 1525 2736; x_wconf 68' lang='lat'><strong>.</strong></span> 
     </span>
     <span class='ocr_line' id='line_1_24' title="bbox 287 2787 1409 2873; baseline -0.001 -19"><span class='ocrx_word' id='word_1_209' title='bbox 287 2794 415 2873; x_wconf 89' lang='lat' dir='ltr'><strong>sumpta</strong></span> <span class='ocrx_word' id='word_1_210' title='bbox 437 2809 514 2854; x_wconf 89' lang='lat' dir='ltr'><strong>esse.</strong></span> <span class='ocrx_word' id='word_1_211' title='bbox 559 2788 732 2853; x_wconf 87' lang='lat' dir='ltr'><strong>Praeterea</strong></span> <span class='ocrx_word' id='word_1_212' title='bbox 754 2788 781 2852; x_wconf 93' lang='lat' dir='ltr'><strong>si</strong></span> <span class='ocrx_word' id='word_1_213' title='bbox 803 2809 843 2854; x_wconf 86' lang='lat' dir='ltr'><strong>ex</strong></span> <span class='ocrx_word' id='word_1_214' title='bbox 865 2787 934 2853; x_wconf 92' lang='lat' dir='ltr'><strong>solo</strong></span> <span class='ocrx_word' id='word_1_215' title='bbox 956 2788 1143 2853; x_wconf 89' lang='lat' dir='ltr'><strong>Aristarcho</strong></span> <span class='ocrx_word' id='word_1_216' title='bbox 1165 2787 1315 2872; x_wconf 88' lang='lat' dir='ltr'><strong>lexicogr.</strong></span> <span class='ocrx_word' id='word_1_217' title='bbox 1349 2788 1409 2853; x_wconf 87' lang='lat' dir='ltr'><strong>Co·</strong></span> 
     </span>
     <span class='ocr_line' id='line_1_25' title="bbox 286 2889 1409 2974; baseline -0.002 -18"><span class='ocrx_word' id='word_1_218' title='bbox 286 2913 416 2957; x_wconf 88' lang='lat' dir='ltr'><strong>manum</strong></span> <span class='ocrx_word' id='word_1_219' title='bbox 444 2891 652 2974; x_wconf 83' lang='lat' dir='ltr'><strong>cognovisset,</strong></span> <span class='ocrx_word' id='word_1_220' title='bbox 680 2889 733 2954; x_wconf 87' lang='lat' dir='ltr'><strong>rix</strong></span> <span class='ocrx_word' id='word_1_221' title='bbox 758 2890 855 2974; x_wconf 90' lang='lat' dir='ltr'><strong>hujus</strong></span> <span class='ocrx_word' id='word_1_222' title='bbox 883 2890 1046 2973; x_wconf 91' lang='lat' dir='ltr'><strong>opiniones</strong></span> <span class='ocrx_word' id='word_1_223' title='bbox 1074 2889 1233 2956; x_wconf 88' lang='lat' dir='ltr'><strong>attulisset</strong></span> <span class='ocrx_word' id='word_1_224' title='bbox 1254 2891 1315 2956; x_wconf 92' lang='lat' dir='ltr'><strong>nisi</strong></span> <span class='ocrx_word' id='word_1_225' title='bbox 1336 2891 1409 2954; x_wconf 88' lang='lat' dir='ltr'><strong>Ari-</strong></span> 
     </span>
    </p>

    <p class='ocr_par' dir='ltr' id='par_1_5' title="bbox 117 2991 1409 4000">
     <span class='ocr_line' id='line_1_26' title="bbox 117 2991 1408 3071; baseline 0.001 -12"><span class='ocrx_word' id='word_1_226' title='bbox 117 3029 119 3036; x_wconf 95' lang='lat'>·</span> <span class='ocrx_word' id='word_1_227' title='bbox 156 3023 158 3028; x_wconf 31' lang='lat' dir='ltr'>v</span> <span class='ocrx_word' id='word_1_228' title='bbox 286 2994 425 3071; x_wconf 87' lang='lat' dir='ltr'><strong>starcho,</strong></span> <span class='ocrx_word' id='word_1_229' title='bbox 454 2991 495 3057; x_wconf 89' lang='lat' dir='ltr'><strong>ad</strong></span> <span class='ocrx_word' id='word_1_230' title='bbox 522 3013 576 3058; x_wconf 90' lang='lat' dir='ltr'><strong>eas</strong></span> <span class='ocrx_word' id='word_1_231' title='bbox 598 2991 648 3058; x_wconf 86' lang='lat' dir='ltr'><strong>vel</strong></span> <span class='ocrx_word' id='word_1_232' title='bbox 669 2991 857 3062; x_wconf 81' lang='lat' dir='ltr'><strong>refutandas</strong></span> <span class='ocrx_word' id='word_1_233' title='bbox 878 2993 928 3058; x_wconf 87' lang='lat' dir='ltr'><strong>vel</strong></span> <span class='ocrx_word' id='word_1_234' title='bbox 950 2992 1174 3068; x_wconf 86' lang='lat' dir='ltr'><strong>defendendas,</strong></span> <span class='ocrx_word' id='word_1_235' title='bbox 1195 2997 1277 3058; x_wconf 89' lang='lat' dir='ltr'><strong>teste</strong></span> <span class='ocrx_word' id='word_1_236' title='bbox 1299 2993 1408 3060; x_wconf 85' lang='lat' dir='ltr'><strong>citato.</strong></span> 
     </span>
     <span class='ocr_line' id='line_1_27' title="bbox 284 3094 1408 3172; baseline -0.001 -11"><span class='ocrx_word' id='word_1_237' title='bbox 284 3097 378 3161; x_wconf 90' lang='lat' dir='ltr'><strong>Nunc</strong></span> <span class='ocrx_word' id='word_1_238' title='bbox 404 3115 479 3162; x_wconf 86' lang='lat' dir='ltr'><strong>vero</strong></span> <span class='ocrx_word' id='word_1_239' title='bbox 506 3094 549 3159; x_wconf 88' lang='lat' dir='ltr'><strong>ad</strong></span> <span class='ocrx_word' id='word_1_240' title='bbox 570 3095 654 3158; x_wconf 82' lang='grc' dir='ltr'><strong>ἀτολ</strong></span> <span class='ocrx_word' id='word_1_241' title='bbox 678 3100 710 3160; x_wconf 93' lang='lat' dir='ltr'><strong>et</strong></span> <span class='ocrx_word' id='word_1_242' title='bbox 732 3095 793 3158; x_wconf 81' lang='grc' dir='ltr'><strong>ὀλο.</strong></span> <span class='ocrx_word' id='word_1_243' title='bbox 817 3095 976 3162; x_wconf 83' lang='lat' dir='ltr'><strong>Comanus</strong></span> <span class='ocrx_word' id='word_1_244' title='bbox 997 3095 1113 3160; x_wconf 92' lang='lat' dir='ltr'><strong>nimius</strong></span> <span class='ocrx_word' id='word_1_245' title='bbox 1135 3099 1184 3160; x_wconf 89' lang='lat' dir='ltr'><strong>est</strong></span> <span class='ocrx_word' id='word_1_246' title='bbox 1208 3095 1242 3158; x_wconf 91' lang='lat' dir='ltr'><strong>in</strong></span> <span class='ocrx_word' id='word_1_247' title='bbox 1262 3095 1408 3172; x_wconf 90' lang='lat' dir='ltr'><strong>dicendo,</strong></span> 
     </span>
     <span class='ocr_line' id='line_1_28' title="bbox 284 3196 1407 3282; baseline -0.003 -19"><span class='ocrx_word' id='word_1_248' title='bbox 284 3199 382 3263; x_wconf 84' lang='lat' dir='ltr'><strong>Arist.</strong></span> <span class='ocrx_word' id='word_1_249' title='bbox 412 3218 453 3263; x_wconf 91' lang='lat' dir='ltr'><strong>ne</strong></span> <span class='ocrx_word' id='word_1_250' title='bbox 478 3196 611 3262; x_wconf 84' lang='lat' dir='ltr'><strong>verbum</strong></span> <span class='ocrx_word' id='word_1_251' title='bbox 640 3197 765 3279; x_wconf 77' lang='lat' dir='ltr'><strong>quidem</strong></span> <span class='ocrx_word' id='word_1_252' title='bbox 799 3197 885 3264; x_wconf 84' lang='lat' dir='ltr'><strong>facit.</strong></span> <span class='ocrx_word' id='word_1_253' title='bbox 929 3198 1036 3264; x_wconf 87' lang='lat' dir='ltr'><strong>Etiam</strong></span> <span class='ocrx_word' id='word_1_254' title='bbox 1069 3197 1111 3262; x_wconf 90' lang='lat' dir='ltr'><strong>ad</strong></span> <span class='ocrx_word' id='word_1_255' title='bbox 1145 3196 1287 3282; x_wconf 83' lang='grc' dir='ltr'>στεφανός</span> <span class='ocrx_word' id='word_1_256' title='bbox 1319 3197 1407 3264; x_wconf 84' lang='lat' dir='ltr'><strong>Com.</strong></span> 
     </span>
     <span class='ocr_line' id='line_1_29' title="bbox 283 3299 1406 3384; baseline -0.003 -17"><span class='ocrx_word' id='word_1_257' title='bbox 283 3301 392 3367; x_wconf 91' lang='lat' dir='ltr'><strong>multis</strong></span> <span class='ocrx_word' id='word_1_258' title='bbox 424 3304 628 3379; x_wconf 89' lang='lat' dir='ltr'><strong>memoratur,</strong></span> <span class='ocrx_word' id='word_1_259' title='bbox 656 3302 712 3366; x_wconf 91' lang='lat' dir='ltr'><strong>Ar.</strong></span> <span class='ocrx_word' id='word_1_260' title='bbox 740 3301 875 3366; x_wconf 90' lang='lat' dir='ltr'><strong>omissus</strong></span> <span class='ocrx_word' id='word_1_261' title='bbox 904 3306 962 3380; x_wconf 89' lang='lat' dir='ltr'><strong>est,</strong></span> <span class='ocrx_word' id='word_1_262' title='bbox 991 3321 1181 3384; x_wconf 86' lang='lat' dir='ltr'><strong>qvamqvam</strong></span> <span class='ocrx_word' id='word_1_263' title='bbox 1210 3319 1268 3382; x_wconf 91' lang='lat' dir='ltr'><strong>per</strong></span> <span class='ocrx_word' id='word_1_264' title='bbox 1294 3299 1406 3365; x_wconf 93' lang='lat' dir='ltr'><strong>scholl.</strong></span> 
     </span>
     <span class='ocr_line' id='line_1_30' title="bbox 283 3401 1409 3487; baseline -0.002 -17"><span class='ocrx_word' id='word_1_265' title='bbox 283 3405 400 3470; x_wconf 89' lang='lat' dir='ltr'><strong>scimus</strong></span> <span class='ocrx_word' id='word_1_266' title='bbox 432 3403 518 3467; x_wconf 89' lang='lat' dir='ltr'><strong>hunc</strong></span> <span class='ocrx_word' id='word_1_267' title='bbox 549 3401 633 3468; x_wconf 88' lang='lat' dir='ltr'><strong>idem</strong></span> <span class='ocrx_word' id='word_1_268' title='bbox 664 3402 731 3469; x_wconf 88' lang='lat' dir='ltr'><strong>iere</strong></span> <span class='ocrx_word' id='word_1_269' title='bbox 762 3403 964 3487; x_wconf 86' lang='lat' dir='ltr'><strong>praecepisse</strong></span> <span class='ocrx_word' id='word_1_270' title='bbox 992 3408 1086 3486; x_wconf 87' lang='lat' dir='ltr'><strong>atqve</strong></span> <span class='ocrx_word' id='word_1_271' title='bbox 1112 3402 1212 3467; x_wconf 90' lang='lat' dir='ltr'><strong>illum.</strong></span> <span class='ocrx_word' id='word_1_272' title='bbox 1257 3404 1301 3468; x_wconf 91' lang='lat' dir='ltr'><strong>At</strong></span> <span class='ocrx_word' id='word_1_273' title='bbox 1327 3423 1409 3486; x_wconf 86' lang='lat' dir='ltr'><strong>qvae</strong></span> 
     </span>
     <span class='ocr_line' id='line_1_31' title="bbox 283 3505 1407 3593; baseline -0.003 -20"><span class='ocrx_word' id='word_1_274' title='bbox 283 3507 343 3573; x_wconf 91' lang='lat' dir='ltr'><strong>sub</strong></span> <span class='ocrx_word' id='word_1_275' title='bbox 370 3506 500 3592; x_wconf 84' lang='grc' dir='ltr'>στεφάνη</span> <span class='ocrx_word' id='word_1_276' title='bbox 529 3510 561 3570; x_wconf 87' lang='lat' dir='ltr'><strong>et</strong></span> <span class='ocrx_word' id='word_1_277' title='bbox 587 3509 740 3593; x_wconf 78' lang='grc' dir='ltr'>σομφερτή</span> <span class='ocrx_word' id='word_1_278' title='bbox 765 3506 897 3572; x_wconf 85' lang='lat' dir='ltr'><strong>Comani</strong></span> <span class='ocrx_word' id='word_1_279' title='bbox 920 3505 1093 3571; x_wconf 89' lang='lat' dir='ltr'><strong>laudantur</strong></span> <span class='ocrx_word' id='word_1_280' title='bbox 1115 3506 1407 3590; x_wconf 86' lang='lat' dir='ltr'><strong>interpretationes,</strong></span> 
     </span>
     <span class='ocr_line' id='line_1_32' title="bbox 282 3607 1407 3692; baseline -0.003 -15"><span class='ocrx_word' id='word_1_281' title='bbox 282 3610 361 3677; x_wconf 89' lang='lat' dir='ltr'><strong>satis</strong></span> <span class='ocrx_word' id='word_1_282' title='bbox 383 3609 522 3674; x_wconf 88' lang='lat' dir='ltr'><strong>disertae</strong></span> <span class='ocrx_word' id='word_1_283' title='bbox 542 3607 617 3673; x_wconf 91' lang='lat' dir='ltr'><strong>illae</strong></span> <span class='ocrx_word' id='word_1_284' title='bbox 638 3609 774 3692; x_wconf 85' lang='lat' dir='ltr'><strong>qvidem,</strong></span> <span class='ocrx_word' id='word_1_285' title='bbox 797 3630 852 3674; x_wconf 90' lang='lat' dir='ltr'><strong>eas</strong></span> <span class='ocrx_word' id='word_1_286' title='bbox 873 3608 915 3673; x_wconf 92' lang='lat' dir='ltr'><strong>ab</strong></span> <span class='ocrx_word' id='word_1_287' title='bbox 937 3609 1125 3674; x_wconf 89' lang='lat' dir='ltr'><strong>Aristarcho</strong></span> <span class='ocrx_word' id='word_1_288' title='bbox 1149 3610 1291 3675; x_wconf 90' lang='lat' dir='ltr'><strong>concedo</strong></span> <span class='ocrx_word' id='word_1_289' title='bbox 1311 3628 1407 3692; x_wconf 89' lang='lat' dir='ltr'><strong>posse</strong></span> 
     </span>
     <span class='ocr_line' id='line_1_33' title="bbox 282 3710 1409 3798; baseline -0.004 -18"><span class='ocrx_word' id='word_1_290' title='bbox 282 3719 426 3798; x_wconf 91' lang='lat' dir='ltr'><strong>sumptas</strong></span> <span class='ocrx_word' id='word_1_291' title='bbox 453 3731 530 3778; x_wconf 88' lang='lat' dir='ltr'><strong>esse.</strong></span> <span class='ocrx_word' id='word_1_292' title='bbox 573 3710 614 3775; x_wconf 91' lang='grc' dir='ltr'><strong>Η.</strong></span> <span class='ocrx_word' id='word_1_293' title='bbox 642 3711 663 3776; x_wconf 89' lang='lat' dir='ltr'><strong>l.</strong></span> <span class='ocrx_word' id='word_1_294' title='bbox 690 3712 802 3778; x_wconf 82' lang='lat' dir='ltr'><strong>leviter</strong></span> <span class='ocrx_word' id='word_1_295' title='bbox 823 3715 949 3778; x_wconf 88' lang='lat' dir='ltr'><strong>tantum</strong></span> <span class='ocrx_word' id='word_1_296' title='bbox 971 3711 1013 3776; x_wconf 91' lang='lat' dir='ltr'><strong>ab</strong></span> <span class='ocrx_word' id='word_1_297' title='bbox 1035 3711 1223 3778; x_wconf 89' lang='lat' dir='ltr'><strong>Aristarcho</strong></span> <span class='ocrx_word' id='word_1_298' title='bbox 1246 3711 1409 3794; x_wconf 90' lang='lat' dir='ltr'><strong>discrepat</strong></span> 
     </span>
     <span class='ocr_line' id='line_1_34' title="bbox 282 3812 1405 3899; baseline -0.004 -17"><span class='ocrx_word' id='word_1_299' title='bbox 282 3817 450 3883; x_wconf 87' lang='lat' dir='ltr'><strong>Oomanus.</strong></span> <span class='ocrx_word' id='word_1_300' title='bbox 494 3814 552 3893; x_wconf 79' lang='lat' dir='ltr'><strong>Qvi</strong></span> <span class='ocrx_word' id='word_1_301' title='bbox 577 3813 607 3880; x_wconf 96' lang='lat' dir='ltr'>N</span> <span class='ocrx_word' id='word_1_302' title='bbox 635 3819 697 3880; x_wconf 80' lang='lat'><strong>237</strong></span> <span class='ocrx_word' id='word_1_303' title='bbox 725 3815 771 3880; x_wconf 86' lang='lat' dir='ltr'><strong>sic</strong></span> <span class='ocrx_word' id='word_1_304' title='bbox 797 3812 975 3878; x_wconf 89' lang='lat' dir='ltr'><strong>reddidisse</strong></span> <span class='ocrx_word' id='word_1_305' title='bbox 1002 3812 1144 3879; x_wconf 90' lang='lat' dir='ltr'><strong>videtur:</strong></span> <span class='ocrx_word' id='word_1_306' title='bbox 1172 3818 1363 3899; x_wconf 85' lang='lat' dir='ltr'><strong>„conventus</strong></span> <span class='ocrx_word' id='word_1_307' title='bbox 1385 3813 1405 3877; x_wconf 93' lang='lat' dir='ltr'><strong>l.</strong></span> 
     </span>
     <span class='ocr_line' id='line_1_35' title="bbox 281 3915 1407 4000; baseline -0.004 -16"><span class='ocrx_word' id='word_1_308' title='bbox 281 3919 426 3985; x_wconf 87' lang='lat' dir='ltr'><strong>collectio</strong></span> <span class='ocrx_word' id='word_1_309' title='bbox 453 3919 617 3984; x_wconf 92' lang='lat' dir='ltr'><strong>hominum</strong></span> <span class='ocrx_word' id='word_1_310' title='bbox 637 3918 702 3984; x_wconf 89' lang='lat' dir='ltr'><strong>imo</strong></span> <span class='ocrx_word' id='word_1_311' title='bbox 724 3915 1000 4000; x_wconf 86' lang='lat' dir='ltr'><strong>ignavissimorum</strong></span> <span class='ocrx_word' id='word_1_312' title='bbox 1022 3916 1123 3982; x_wconf 83' lang='lat' dir='ltr'><strong>virtus</strong></span> <span class='ocrx_word' id='word_1_313' title='bbox 1144 3917 1182 3982; x_wconf 91' lang='lat' dir='ltr'><strong>fit</strong></span> <span class='ocrx_word' id='word_1_314' title='bbox 1203 3917 1234 3981; x_wconf 92' lang='lat' dir='ltr'><strong>h.</strong></span> <span class='ocrx_word' id='word_1_315' title='bbox 1257 3937 1284 3982; x_wconf 91' lang='lat' dir='ltr'><strong>e.</strong></span> <span class='ocrx_word' id='word_1_316' title='bbox 1308 3916 1407 3982; x_wconf 85' lang='lat' dir='ltr'><strong>virtu·</strong></span> 
     </span>
    </p>

    <p class='ocr_par' dir='ltr' id='par_1_6' title="bbox 233 4018 1421 4312">
     <span class='ocr_line' id='line_1_36' title="bbox 233 4018 1405 4105; baseline -0.004 -18"><span class='ocrx_word' id='word_1_317' title='bbox 233 4061 250 4100; x_wconf 68' lang='lat'><em>0</em></span> <span class='ocrx_word' id='word_1_318' title='bbox 279 4027 345 4088; x_wconf 86' lang='lat' dir='ltr'><strong>tem</strong></span> <span class='ocrx_word' id='word_1_319' title='bbox 373 4019 531 4104; x_wconf 77' lang='lat' dir='ltr'><strong>qvondam</strong></span> <span class='ocrx_word' id='word_1_320' title='bbox 557 4019 684 4086; x_wconf 85' lang='lat' dir='ltr'><strong>efficere</strong></span> <span class='ocrx_word' id='word_1_321' title='bbox 709 4024 841 4103; x_wconf 80' lang='lat' dir='ltr'><strong>potest,“</strong></span> <span class='ocrx_word' id='word_1_322' title='bbox 868 4018 924 4084; x_wconf 91' lang='lat' dir='ltr'><strong>ubi</strong></span> <span class='ocrx_word' id='word_1_323' title='bbox 950 4022 1102 4105; x_wconf 74' lang='grc' dir='ltr'>συμφεροή</span> <span class='ocrx_word' id='word_1_324' title='bbox 1126 4041 1185 4103; x_wconf 92' lang='lat' dir='ltr'><strong>pro</strong></span> <span class='ocrx_word' id='word_1_325' title='bbox 1208 4018 1405 4084; x_wconf 87' lang='lat' dir='ltr'><strong>substantivo</strong></span> 
     </span>
     <span class='ocr_line' id='line_1_37' title="bbox 280 4121 1421 4214; baseline -0.007 -22"><span class='ocrx_word' id='word_1_326' title='bbox 280 4124 441 4208; x_wconf 87' lang='lat' dir='ltr'><strong>accepisse</strong></span> <span class='ocrx_word' id='word_1_327' title='bbox 468 4123 602 4203; x_wconf 87' lang='lat' dir='ltr'><strong>videtur,</strong></span> <span class='ocrx_word' id='word_1_328' title='bbox 629 4126 650 4209; x_wconf 80' lang='grc' dir='ltr'>ἡ</span> <span class='ocrx_word' id='word_1_329' title='bbox 678 4124 719 4192; x_wconf 82' lang='grc' dir='ltr'><strong>είς</strong></span> <span class='ocrx_word' id='word_1_330' title='bbox 745 4121 834 4186; x_wconf 83' lang='grc' dir='ltr'><strong>ταύτὸ</strong></span> <span class='ocrx_word' id='word_1_331' title='bbox 856 4121 1031 4190; x_wconf 82' lang='grc' dir='ltr'>συνέλευσις.</span> <span class='ocrx_word' id='word_1_332' title='bbox 1065 4123 1272 4188; x_wconf 88' lang='lat' dir='ltr'><strong>Aristarchus</strong></span> <span class='ocrx_word' id='word_1_333' title='bbox 1298 4127 1421 4214; x_wconf 58' lang='lat' dir='ltr'><strong>autem⁴</strong></span> 
     </span>
     <span class='ocr_line' id='line_1_38' title="bbox 278 4224 1404 4312; baseline -0.005 -18"><span class='ocrx_word' id='word_1_334' title='bbox 278 4249 337 4312; x_wconf 90' lang='lat' dir='ltr'><strong>per</strong></span> <span class='ocrx_word' id='word_1_335' title='bbox 358 4225 574 4312; x_wconf 89' lang='lat' dir='ltr'><strong>paraphrasin</strong></span> <span class='ocrx_word' id='word_1_336' title='bbox 597 4231 718 4305; x_wconf 91' lang='lat' dir='ltr'><strong>„totam</strong></span> <span class='ocrx_word' id='word_1_337' title='bbox 740 4226 825 4291; x_wconf 90' lang='lat' dir='ltr'><strong>hanc</strong></span> <span class='ocrx_word' id='word_1_338' title='bbox 846 4225 1036 4290; x_wconf 88' lang='lat' dir='ltr'><strong>sententiam</strong></span> <span class='ocrx_word' id='word_1_339' title='bbox 1054 4224 1219 4290; x_wconf 83' lang='lat' dir='ltr'><strong>evolvens“</strong></span> <span class='ocrx_word' id='word_1_340' title='bbox 1233 4228 1323 4288; x_wconf 90' lang='lat' dir='ltr'><strong>-ut</strong></span> <span class='ocrx_word' id='word_1_341' title='bbox 1337 4242 1404 4289; x_wconf 88' lang='lat' dir='ltr'><strong>rer-</strong></span> 
     </span>
    </p>
   </div>
   <div class='ocr_carea' id='block_1_4' title="bbox 0 0 1554 4874">
    <p class='ocr_par' dir='ltr' id='par_1_7' title="bbox 0 0 1554 4874">
     <span class='ocr_line' id='line_1_39' title="bbox 0 0 1554 4874; baseline 0 5"><span class='ocrx_word' id='word_1_342' title='bbox 0 0 1554 4874; x_wconf 95' lang='lat' dir='ltr'><strong> </strong></span> 
     </span>
    </p>
   </div>
  </div>
 </body>
</html>
