3098 4874
341 339 381 398 50

399 519 523 604 φόβος.
567 539 595 584 v.
623 519 734 584 Lehrs.
763 521 819 584 Ar.
849 523 889 584 75
914 542 961 605 sq.
1006 520 1125 601 Verba,
1148 542 1168 587 a
1193 521 1318 605 quibus
1341 521 1430 588 lexici

296 621 450 686 articulus
472 621 649 704 incipit-
671 619 781 706 Ἀρίστ.
804 623 1000 706 σεσημείωται
1022 661 1063 672 -
1090 623 1271 689 ostendunt
1291 624 1366 706 ipsa
1385 623 1430 688 A:i

295 724 417 808 scripta
438 724 470 788 h.
492 723 514 788 l.
537 745 558 788 a
579 723 731 807 lexicogr.
755 725 901 806 inspecta
922 745 1001 790 esse.

396 845 476 906 ὧδε.
520 843 625 907 Etiam
656 841 696 906 de
722 842 785 907 hac
810 861 887 906 voce
915 843 990 926 qvid
1012 845 1068 907 Ar.
1092 846 1243 922 senserit,
1268 843 1313 910 ab
1336 845 1429 929 Apol·

293 943 380 1008 lonio
401 945 521 1026 optime
543 944 728 1008 edocemur:
751 945 812 1006 ὧδε
833 965 1007 1027 numqvam
1029 950 1078 1010 est
1099 947 1242 1031 συνήθως
1258 949 1331 1032 ἡμῖν
1349 946 1429 1030 (huc,

292 1052 329 1109 ut
351 1045 533 1110 Zenodotus
555 1045 680 1130 voluit),
704 1045 760 1110 sed
782 1046 891 1114 οὕτωςι
914 1045 947 1110 id
971 1046 1054 1129 qvod
1076 1047 1186 1112 multis
1211 1047 1375 1130 exemplis
1394 1047 1427 1110 il·

291 1147 458 1211 lustratur.
503 1145 642 1224 Quorum
669 1147 753 1230 qvod
776 1143 926 1233 Ἥφαιστε
954 1149 1078 1233 πρόμολ’
1106 1151 1167 1213 ὧδε
1197 1149 1239 1235 (Σ
1271 1153 1352 1234 392)
1374 1170 1427 1232 pa·

291 1249 441 1330 raphrasi
473 1248 580 1314 reddit
607 1249 736 1334 πρόελθε
763 1250 856 1319 oure<
882 1255 924 1319 ὡς
951 1249 1040 1334 ἔχεις,
1069 1251 1102 1316 ἐκ
1129 1253 1309 1338 προχείρου,
1341 1251 1425 1336 μηδὲν

291 1352 538 1437 ἀναβαλλόμενος,
566 1353 647 1418 haec
674 1352 782 1419 colore
808 1373 882 1418 vere
909 1352 1116 1419 Aristarcheo
1139 1375 1173 1420 se
1196 1353 1426 1420 commendant

291 1455 346 1538 (cf.
374 1455 410 1520 L.
437 1455 492 1520 Ar.
525 1457 610 1538 154).
655 1453 1081 1520 cf.hiss0h011.Meoe.
1126 1455 1256 1521 2392.
1305 1457 1422 1521 Γ297.

290 1553 322 1619 Μ
345 1558 417 1622 346.
441 1581 461 1619 α
486 1559 546 1620 182
569 1556 634 1621 aha
655 1556 757 1621 multa
779 1557 894 1640 (Lehrs
917 1557 972 1620 Ar.
997 1559 1047 1619 70.
1072 1561 1133 1621 379
1157 1561 1222 1644 sq.)

393 1677 558 1759 ὠτειλήν.
602 1675 673 1753 Hic,
695 1675 798 1740 lexico
820 1680 912 1753 teste,
935 1675 1141 1740 Aristarchus
1162 1677 1236 1741 usui
1252 1677 1421 1743 Homerico

289 1797 471 1859 repugnare
499 1776 545 1840 ait
570 1775 594 1838 Δ
625 1779 696 1854 140,
721 1775 778 1840 ubi
805 1775 920 1841 vulnus
946 1776 1094 1855 Menelai,
1122 1779 1271 1859 qvamvis
1302 1779 1421 1845 eminus

289 1879 409 1963 sagitta
430 1878 598 1956 vulnerati,
620 1881 728 1963 ὠτειλή
752 1877 879 1956 dicitur,
903 1899 975 1943 cum
997 1878 1091 1944 Hom.
1115 1881 1167 1964 πλμ
1184 1881 1218 1943 ἐκ
1233 1883 1339 1967 χειρὸς
1355 1885 1420 1966 τρῶ-

289 2003 331 2046 σιν
354 1987 479 2047 tantum
502 1981 602 2065 ἀτειλή
626 1979 726 2060 dicat3
754 2000 852 2062 qvare
874 1983 929 2044 Ar.
952 1980 1038 2045 hunc
1060 2001 1186 2046 versum
1210 1983 1338 2066 rejecit.
1372 1981 1418 2045 In·

288 2092 413 2170 tegram
445 2084 544 2168 igitur
569 2082 726 2147 habemus
753 2082 1018 2160 observationem,
1046 2083 1155 2148 multis
1182 2085 1319 2150 scholiis
1349 2103 1416 2149 con·
1507 2167 1508 2170 Ἴ

287 2189 448 2254 firmatam
472 2185 573 2270 (apud
595 2184 706 2250 Lehrs.
723 2185 777 2248 Ar.
795 2186 860 2268 58).
893 2183 921 2248 E
952 2184 1145 2270 etymologia
1160 2186 1329 2268 Apollonii
1344 2183 1416 2268 rapui
1507 2177 1508 2180 ’

289 2291 322 2352 τὸ
355 2289 476 2351 οὐτάσαι
503 2286 614 2352 eadem
641 2287 830 2352 Aristarcho
858 2285 997 2368 probata
1025 2285 1095 2366 fuit,
1119 2309 1147 2352 ν.
1171 2289 1274 2354 εολιολ.
1299 2289 1324 2352 Ξ
1349 2289 1413 2350 518.

288 2392 409 2454 Λ266.
1507 2431 1510 2470 ι

390 2664 424 2730 Si
447 2683 527 2747 qvae
549 2662 656 2727 adhuc
675 2660 862 2743 singillatim
877 2662 1095 2740 tractavimus,
1112 2663 1172 2728 sub
1189 2685 1289 2729 unum
1307 2681 1410 2746 aspec-

285 2775 352 2834 tum
375 2766 615 2850 subjecerimus,
630 2762 757 2847 patebit
771 2762 978 2845 Apollonium
993 2785 1041 2843 ea,
1058 2785 1139 2847 qvae
1154 2766 1345 2832 Aristarcho
1361 2784 1411 2828 au·

285 2879 355 2937 tore
382 2871 547 2935 nominato
576 2866 687 2946 tradit,
715 2887 755 2932 ex
784 2867 833 2930 his
861 2867 1035 2950 sumpsisse
1062 2867 1218 2933 fontibus:
1250 2907 1291 2916 -
1315 2863 1411 2931 illuxi-

284 2995 370 3038 mam
401 2975 527 3055 partem
559 2970 661 3053 ipsius
688 2969 918 3034 commutaris
947 2969 1052 3034 debet.
1096 2970 1167 3034 Hoc
1194 2971 1319 3052 optimo
1343 2967 1412 3050 jure

283 3075 376 3143 nobis
403 3073 547 3140 videmur
575 3071 615 3137 de
641 3071 681 3136 iis
709 3070 911 3150 contendere,
938 3070 995 3135 ubi
1023 3091 1117 3154 qvam
1146 3071 1287 3136 maxime
1309 3071 1409 3153 potest

282 3181 409 3262 integra
435 3180 563 3241 servata
591 3179 640 3238 est
667 3173 846 3238 Aristarchi
874 3173 1066 3251 observatio,
1097 3178 1222 3237 aut-
1251 3193 1325 3238 oum
1353 3170 1409 3232 hoc

281 3282 394 3366 paucis
421 3275 643 3344 tantummodo
671 3275 837 3359 contingat
863 3313 904 3324 -
926 3274 983 3339 ubi
1005 3295 1053 3354 ea,
1076 3295 1157 3358 qvae
1179 3267 1408 3340 observationis

281 3381 507 3449 Aristarcheus
528 3378 662 3461 propria
684 3383 716 3442 et
736 3377 912 3461 singularia
926 3381 1011 3454 sunt,
1028 3377 1077 3442 vel
1092 3377 1182 3442 color
1196 3382 1229 3442 et
1243 3375 1407 3441 character

281 3483 506 3551 Aristarcheus
528 3480 683 3563 originem
706 3479 848 3562 produnt
869 3499 909 3542 ex
930 3478 1031 3560 ipsius
1046 3478 1175 3561 scriptis
1192 3475 1405 3561 repetendam.

386 3591 414 3650 1.
452 3583 759 3648 Commentariorum
782 3580 1018 3666 (όπομνήματος)
1035 3581 1153 3646 mentio
1170 3579 1207 3644 fit
1223 3580 1263 3644 ad
1277 3574 1404 3663 ἐμπλή-

279 3695 367 3776 γδην
390 3692 423 3753 et
445 3684 626 3753 ἰονθάδος.

383 3789 554 3872 Signorum
582 3786 766 3852 criticorum
793 3803 869 3849 rara
895 3783 932 3848 fit
959 3786 1087 3850 mentio.
1132 3785 1230 3868 Dipla
1251 3797 1402 3848 memora·

279 3901 333 3958 tur
360 3892 402 3957 ad
429 3895 543 3973 σῶμα;
571 3888 683 3954 eodem
713 3891 839 3968 spectat
865 3885 944 3950 illud
979 3885 1173 3972 Ἀρίσταρχος
1201 3884 1401 3970 σεσημείωται,

279 3993 363 4080 qvod
390 3991 432 4057 ad
460 3990 572 4076 φόβος
599 3995 631 4054 et
658 3988 839 4074 πεφράδοι
867 3987 993 4072 legitur.
1016 4024 1058 4035 -
1080 3989 1241 4054 Athetesis
1263 4004 1342 4072 qvae
1362 3975 1401 4044 ad

277 4096 362 4166 obeli
384 4113 477 4158 usum
500 4091 648 4170 refertur,
671 4091 713 4156 ad
730 4090 836 4175 ἕρμα,
852 4089 1018 4176 πέφραδε
1034 4090 1108 4173 (suh
1126 4091 1309 4176 φραδέος),
1326 4087 1400 4148 ὑπε-

279 4202 458 4286 μνήμυκε,
486 4196 640 4279 ὠτειλήν
668 4199 874 4259 memoratur.
903 4231 944 4241 —
967 4194 1145 4258 Aristarchi
1169 4189 1398 4259 observationes
