3108 4870
1225 301 1266 362 93

176 489 233 570 τῆς
254 483 402 569 ἡμετέρας
424 483 544 561 ἐννοίας,
567 482 631 546 ἀλλ’
656 487 697 551 ὥς
720 483 827 568 [σάφα]
851 483 883 546 τδ
906 487 1008 568 σαφῶς
1029 507 1056 547 κ.
1081 483 1184 568 [τὰχα]
1207 484 1240 546 τδ
1263 507 1310 547 τα-

176 587 268 672 χέως.
296 588 345 650 καὶ
372 587 477 670 σχεδὸν
506 586 541 650 δι’
570 586 642 669 ὅλης
669 591 722 670 τῆς
743 588 891 670 ποιήσεως
913 585 1017 654 οὕτως.
1041 585 1118 665 „hoo
1140 585 1245 669 σχεδόν
1270 634 1277 650 .
1302 635 1309 649 .

177 690 223 754 cd
244 689 333 755 locos
356 694 490 771 spectet,
515 689 638 770 opinor,
661 687 716 752 ubi
734 689 805 770 jam
826 687 984 752 fluctuare
1000 689 1133 760 ,videtur
1154 689 1210 752 illa
1231 695 1311 752 tem-

176 791 268 874 poris
298 791 387 854 notio
416 789 569 869 „schnell“
597 789 639 853 ad
666 789 829 853 notionem
852 789 960 869 ,baldr
983 789 1181 874 (vielleicht),
1205 790 1312 872 qualia

176 915 244 958 non
268 893 379 958 dubito
403 893 476 974 qviu
500 891 561 956 sibi
583 891 745 956 videretur
767 891 916 973 Apollon.
940 892 1061 975 aliqvot
1075 893 1262 957 invenisset
1274 893 1310 957 L.

282 995 424 1078 τέθηπα
450 993 682 1077 καταπέπλγμαι.
726 993 808 1056 Item
830 993 929 1057 schol.
953 997 970 1064 ζ
994 998 1064 1058 168.
1088 1018 1128 1054 z
1151 994 1311 1078 ἐκπέπληγ-

176 1121 241 1183 μαι.
286 1096 383 1160 Arist.
412 1095 511 1161 voluit
538 1097 700 1180 θαυμάζειν
730 1116 799 1160 esse
821 1095 841 1160 i.
865 1117 896 1177 q.
919 1102 1077 1179 spectare,
1100 1097 1233 1160 θεεῖσθαι
1255 1097 1311 1162 ad·

177 1199 302 1277 mirari,
325 1199 488 1282 τεθητέναι
508 1198 745 1280 obstupescere.

282 1303 445 1384 τελαμών
476 1302 491 1362 ὁ
520 1301 685 1384 ἀναφυρεδς
712 1306 764 1384 τῆς
794 1299 913 1367 dinoot
936 1300 1000 1383 [his
1021 1301 1117 1382 plura
1138 1301 1238 1364 habet
1258 1300 1310 1364 Et.

177 1403 222 1468 M.
252 1403 269 1466 δ
297 1404 357 1466 ἐστι
383 1405 493 1472 πλατὺς
520 1403 587 1487 ἱμὰς
615 1401 666 1487 ἀφ’
692 1403 726 1465 αὖ
749 1403 874 1487 ἤρτηται
895 1405 915 1486 ἡ
939 1402 1046 1486 ἀσπίς]
1069 1404 1191 1466 καὶτοῦ
1213 1403 1312 1485 Elpeo:

179 1506 247 1591 [Et.
270 1505 314 1568 M.
338 1504 397 1570 ἔστι
419 1507 452 1568 δὲ
474 1531 500 1568 κ.
524 1506 624 1590 ἕτερος
647 1509 749 1589 τελαμ.
772 1505 788 1566 ὁ
811 1505 975 1589 ἀναφυρεδς
998 1509 1050 1566 τοῦ
1073 1505 1120 1588 Ε.].
1165 1505 1312 1570 Testibus

179 1607 311 1674 scholiis
339 1607 363 1670 Ξ
392 1611 465 1671 405.
496 1608 524 1671 Ε
552 1611 624 1670 796.
654 1609 670 1692 β
699 1610 719 1672 3
747 1607 800 1670 all.
829 1608 872 1690 (v.
900 1607 1001 1670 Lehrs
1029 1607 1084 1670 Ar.
1107 1627 1139 1688 p.
1165 1611 1224 1670 193
1247 1611 1310 1691 sq.)

178 1711 278 1774 Arist.
307 1709 542 1786 observaverat,
573 1709 657 1772 binis
684 1708 764 1773 loris
791 1707 841 1774 vel
870 1707 986 1772 balteis
1015 1708 1054 1772 de
1081 1709 1215 1774 humero
1243 1730 1311 1775 sus-

178 1833 296 1894 pensos
320 1803 428 1876 erlsem
451 1817 483 1876 et
505 1811 651 1895 clypeum
673 1811 791 1876 heroas
814 1811 959 1894 gessisse.

283 1913 395 1980 τέλος.
441 1913 488 1976 cf.
513 1915 579 1992 soh,
603 1914 634 1977 K
657 1917 729 1977 470.
753 1913 777 1975 Σ
802 1917 874 1976 298.

284 2015 436 2100 τέμενος
459 2015 498 2079 cl.
521 2017 588 2080 soh.
612 2015 636 2078 Σ
661 2019 732 2078 550.
756 2015 780 2078 Ζ
807 2017 876 2079 194.
901 2015 991 2078 Ourt.
1014 2015 1064 2078 Et.
1089 2017 1099 2046 ⁵
1124 2019 1196 2077 221.

283 2117 428 2181 τένοντε
452 2118 513 2202 [τὰ]
537 2117 729 2201 διατεταμένα
750 2121 841 2200 νεῦρα
864 2116 927 2200 [Er.
952 2115 995 2179 M.
1019 2115 1092 2179 add.
1117 2119 1310 2202 τραχήλους].

179 2220 253 2284 Vox
281 2220 320 2284 de
349 2219 482 2284 diversis
511 2220 662 2300 corporis,
682 2219 830 2300 partibus
858 2216 1050 2299 usurpatur,
1071 2217 1118 2281 ita
1144 2223 1181 2280 ut
1201 2217 1225 2280 Δ
1249 2221 1308 2282 521

179 2341 295 2386 nervos
317 2327 447 2407 σφυρῶν,
469 2321 497 2384 Ε
521 2325 581 2384 307
606 2321 711 2404 ἰσχίου,
734 2321 765 2384 Κ
787 2323 860 2398 456,
883 2320 986 2382 Ξ466
1003 2319 1127 2403 αὐχένας
1143 2320 1309 2403 significet.

179 2423 369 2505 Apollonius
392 2430 509 2500 cutem,
532 2423 666 2505 singulis
688 2421 768 2486 locis
790 2443 854 2486 non
876 2423 1041 2503 respectis,
1059 2423 1241 2487 universum
1256 2446 1312 2490 vo·
1418 2483 1419 2486 ,

180 2525 226 2589 cis
260 2546 351 2590 usum
379 2526 509 2590 indicat.
555 2525 602 2589 cf.
631 2523 729 2594 schol.
758 2525 788 2587 X
815 2527 877 2610 396
905 2561 948 2572 -
976 2524 1012 2588 τὰ
1039 2525 1231 2610 διατεταμένα
1253 2531 1309 2590 τῶν

177 2631 298 2712 σφυρῶν
321 2632 421 2712 νεῦρα.
465 2629 508 2690 At
529 2627 558 2690 Y
580 2631 642 2690 478
665 2665 706 2676 —·-
729 2629 823 2690 πάντα
846 2627 881 2690 τὰ
903 2607 1047 2710 τεταμένα
1069 2632 1158 2711 νεῦρα
1178 2628 1311 2698 τένοντας

173 2725 248 2815 Ὅμ.
277 2729 363 2814 λέγει.
409 2729 498 2806 Qvod
525 2750 600 2793 vero
629 2729 792 2810 epitheton
820 2729 900 2792 illud
931 2729 1123 2812 διατεταμένα
1145 2730 1220 2794 huic
1242 2732 1312 2796 voci

177 2832 324 2897 additum
347 2837 404 2910 est,
429 2832 500 2911 hoo,
524 2836 561 2894 ut
584 2831 708 2912 opinor,
731 2831 803 2896 ideo
827 2831 957 2908 fectum,
980 2837 1017 2894 ut
1039 2831 1129 2913 origo
1152 2833 1238 2896 vocis
1253 2854 1311 2915 pe-

176 2939 255 3000 teat.
299 2935 387 2998 Curi.
415 2934 466 2998 Et.
496 2954 527 3016 p.
558 2938 619 2997 917
648 2933 736 2997 τένων
765 2955 837 2998 cum
865 2935 948 2997 τείνω
977 2933 1109 3016 aliisque
1140 2936 1251 3000 cred.
1275 2959 1312 3000 τα

178 3037 246 3119 (ταν
269 3037 333 3118 τεν)
358 3035 456 3100 ducit.

282 3138 542 3222 τετελεσμένον
573 3139 605 3200 τδ
641 3138 733 3201 οἷόντε
760 3143 881 3224 πρᾶγμα
903 3139 1087 3222 τελεσθῆναι.
1132 3139 1213 3204 Item
1235 3141 1311 3206 Hes.

178 3239 265 3306 Usus
292 3239 428 3321 perfecti
456 3239 549 3304 valde
577 3241 749 3322 singularis
767 3241 837 3323 jem
859 3261 924 3304 non
945 3242 1169 3308 Aristarchum
1191 3245 1312 3326 fugisse

177 3339 313 3420 videtur,
347 3342 375 3406 si
409 3341 504 3407 modo
539 3349 626 3407 recte
651 3343 793 3407 intellexi
816 3342 914 3407 schol.
939 3343 962 3406 Ξ
989 3348 1048 3408 196
1072 3347 1106 3408 εἰ.
1121 3347 1246 3430 δύναμαι
1268 3369 1311 3410 τε-

177 3443 261 3506 λέσαι
287 3467 321 3526 γε
348 3445 397 3506 καὶ
420 3444 445 3506 εἰ
467 3449 616 3529 τετελεσμ.
641 3445 713 3508 ἐστίι
736 3449 756 3529 ἡ
780 3447 806 3506 δ.
831 3445 857 3507 ὅ.
881 3449 1045 3531 περιώριιιε·
1070 3449 1118 3511 τδν
1141 3449 1196 3533 γὰρ
1220 3449 1343 3541 ἐπιδε-ι

177 3545 305 3630 χόμενον
329 3545 444 3608 τελέσαι
465 3548 586 3610 δυνατὸν
610 3548 682 3611 εἶναι
706 3550 752 3611 δεῖ
770 3549 818 3610 καὶ
841 3547 912 3610 αὐτὸ
935 3550 967 3611 τδ
990 3555 1111 3635 πρᾶγμα
1134 3553 1254 3615 δυνατὸν
1276 3553 1312 3616 εἴ·

178 3669 225 3710 ναι
252 3650 324 3732 πρὸς
347 3649 503 3712 τελείωσιν.
549 3650 596 3714 Of.
621 3650 718 3714 schol.
742 3651 770 3714 Ε
793 3654 833 3714 90
858 3651 883 3713 εἰ
905 3652 988 3736 φύσιν
1012 3652 1075 3737 ἔχει
1096 3658 1148 3718 τοῦ
1170 3655 1313 3719 δύνασθαι

179 3751 370 3834 τελειωθῆναι
404 3755 465 3814 κτλ.
500 3751 538 3815 V.
572 3753 723 3817 Fortasse
754 3753 845 3834 prius
873 3754 982 3832 schol,
1012 3776 1107 3836 qvum
1135 3776 1230 3820 sensu
1260 3779 1312 3823 oa·

178 3858 260 3932 reat,
283 3859 333 3918 est
356 3858 555 3934 corruptum.

283 3956 397 4019 τέττα.
444 3955 491 4018 Of.
515 3957 580 4020 sch.
604 3956 627 4019 Δ
650 3961 722 4020 412.
745 3956 797 4020 Et.
820 3955 863 4021 M.
887 3977 911 4020 S.
934 3978 962 4020 v.

283 4064 325 4142 τῆ
354 4059 437 4141 λάβε.
482 4057 585 4122 Docet
612 4057 717 4140 Apoll.
746 4064 781 4142 τῆ
805 4079 869 4122 non
893 4079 964 4122 cum
988 4083 997 4121 ι
1018 4060 1222 4127 scribendum
1245 4083 1313 4130 esse

179 4167 228 4244 τῇ,
253 4181 325 4224 oum
348 4181 450 4242 neqve
474 4159 515 4223 sit
537 4159 692 4224 articulus
714 4160 884 4224 femininus
907 4166 944 4244 τῇ
969 4181 1068 4244 neqve
1091 4166 1235 4246 pron'om.
1260 4166 1313 4230 de·
