3098 4874
287 331 328 391 30

220 513 359 596 ¹Agitur
380 513 420 579 de
442 514 643 599 Cyclopibus,
665 537 800 598 qvorum
822 517 923 582 victus
946 523 978 582 et
999 538 1114 596 mores,
1137 519 1246 602 qvales
1268 518 1376 584 allo-

242 634 331 678 mero
355 615 587 694 describuntur,
601 617 794 700 Jamdudum
811 611 1012 702 qvaestiones
1028 609 1101 686 illas
1118 626 1283 686 moverant
1295 641 1370 704 cap-

241 715 350 794 tiosas,
373 717 406 780 in
429 717 542 800 qvibus
566 719 751 784 dirimendis
773 720 910 785 multum
934 721 1135 786 desudabant
1158 723 1372 806 grammatici.

242 818 285 900 (v.
307 818 408 882 Lehrs
430 820 486 883 Ar.
509 841 541 902 p.
567 824 771 906 lea-224).
807 820 970 898 Qvomodo
986 821 1070 888 enim
1084 822 1154 888 fieri
1168 825 1322 906 potuisse,
1333 829 1375 888 ut

241 918 294 1000 qvi
316 919 470 1004 Cyclopes
491 921 602 1005 injusti
619 927 652 986 et
668 943 746 1006 erga
762 923 848 988 Deos
863 923 953 1006 impii
970 945 1039 990 esse
1055 925 1239 990 viderentur
1256 930 1280 1010 (ι
1297 929 1368 990 106.

242 1044 251 1082 ι
273 1023 359 1103 275),
388 1022 484 1088 iidem
512 1023 717 1088 nihilosecius
744 1024 891 1108 religioni
919 1025 1121 1109 Deorumqve
1149 1026 1249 1092 cultui
1269 1027 1370 1092 inser·

240 1121 361 1186 vientes
387 1122 585 1206 fingerentur
614 1125 639 1210 (ι
667 1129 737 1188 107.
768 1129 838 1191 114.
867 1129 961 1210 411)1
988 1128 1117 1210 Duplex
1144 1128 1206 1192 fuit
1227 1127 1370 1194 solvendi

240 1225 334 1289 ratio.
378 1225 522 1290 Primum
544 1227 629 1291 enim
651 1227 684 1290 ἐκ
706 1229 812 1298 λέξεως
834 1228 1011 1310 solvebant,
1035 1231 1200 1315 ἀθεμίστων
1223 1251 1288 1296 non
1309 1252 1374 1314 pro

240 1325 401 1407 injustis
429 1347 498 1393 esse
520 1329 752 1412 accipiendum,
775 1331 831 1396 sed
855 1332 924 1414 „qvi
946 1333 1167 1398 communibus
1189 1354 1254 1398 non
1275 1337 1369 1398 utan-

240 1433 294 1492 tur
321 1429 472 1513 legibus.“
517 1429 606 1508 Qvod
632 1437 740 1497 autem
761 1432 976 1517 Polyphemus
999 1433 1132 1500 deorum
1155 1439 1373 1500 contemtores

240 1530 313 1596 illos
356 1533 555 1616 praedicavit
601 1535 626 1619 (ι
664 1535 753 1618 275),
793 1536 855 1600 hoc
894 1535 927 1598 ἐκ
965 1539 1135 1620 προσώπου,
1175 1557 1193 1602 6
1230 1557 1369 1620 persona

240 1633 428 1718 Polyphemi
455 1634 649 1700 solvebatur.
695 1635 780 1713 Qvae
802 1637 945 1701 solvendi
966 1637 1050 1702 ratio
1068 1637 1138 1721 jam
1159 1637 1244 1702 inter
1264 1637 1369 1720 philo-

240 1735 360 1816 sophos
391 1735 563 1800 invaluisse
594 1737 736 1800 videtur:
775 1738 841 1802 sch.
871 1763 880 1800 ι
909 1743 969 1802 106
997 1739 1184 1823 Ἀντισθένης
1211 1740 1244 1802 δέ
1271 1761 1372 1825 φησιν,

243 1835 330 1919 μόνον
353 1837 401 1899 τὸν
425 1835 540 1922 Πυλυφ.
564 1839 637 1901 εἶναι
658 1837 756 1901 ἄδικον
778 1863 805 1900 κ.
829 1863 853 1902 τ.
878 1843 904 1902 λ.
928 1845 960 1905 61
980 1841 1024 1904 id.
1047 1841 1146 1906 schol.
1170 1843 1312 1904 σκοπείτω
1336 1843 1370 1903 τὸ

241 1937 408 2022 πρόσωπον,
437 1939 481 2002 ὅτι
509 1938 694 2026 Πολυφήμυυ
723 1941 783 2004 ἐστὶ
811 1946 862 2003 τοῦ
890 1944 1054 2026 ὠμαφᾶγου
1078 1967 1104 2006 κ.
1128 1967 1153 2005 τ.
1176 1945 1203 2005 λ.
1247 1943 1297 2006 Ex
1318 1943 1373 2008 his

240 2040 340 2124 igitur
376 2043 565 2107 Aristarcho
598 2043 717 2124 duplex
750 2043 855 2107 extitit
888 2043 1079 2122 observati0‚
1112 2045 1252 2126 primurn
1284 2043 1369 2126 qvod

242 2142 328 2207 solus
344 2143 559 2228 Polyphemus
573 2144 740 2227 improbus
758 2150 850 2222 esset,
869 2145 983 2210 deinde
1000 2145 1083 2228 qvod
1096 2147 1193 2210 ceteri
1206 2145 1373 2228 Cyclopes,

241 2250 278 2308 ut
303 2246 411 2327 prisca
438 2267 516 2330 gans
543 2246 727 2312 mortalium
754 2247 904 2325 viventes,
931 2247 1026 2329 probi
1053 2252 1085 2312 et
1111 2247 1202 2330 pacis
1224 2251 1368 2312 amantes

241 2347 466 2429 tranqvilliqve
488 2353 602 2413 essent.
647 2348 763 2432 (Lehrs
785 2349 841 2412 Ar.
867 2351 953 2433 182).

345 2449 480 2518 ἄεθλος
502 2455 534 2514 61
556 2449 701 2526 ἄεθλον,
746 2449 996 2514 0116111111.
1022 2453 1082 2514 149
1107 2449 1227 2514 61661.
1252 2474 1273 2535 ρ
1298 2451 1371 2512 106.

243 2550 377 2616 Videtur
398 2551 477 2616 mihi
498 2551 747 2635 lexicographus
776 2551 1002 2616 Aristarcheae
1025 2550 1256 2616 observationis
1281 2551 1370 2633 qvasi

241 2673 376 2717 acumen
398 2651 571 2731 obtudisse,
595 2675 691 2735 qvum
713 2653 762 2730 iis,
787 2673 867 2736 qvae
890 2653 929 2718 de
950 2655 1095 2718 neutrius
1117 2653 1243 2737 generis
1265 2653 1374 2718 forma

241 2753 349 2818 ἄεθλον
379 2754 531 2837 disputat,
559 2754 661 2820 addat
687 2753 767 2818 illud
788 2755 864 2818 κατὰ
886 2756 919 2818 τὸ
941 2760 1083 2821 πλεῖστον.
1127 2757 1171 2820 At
1192 2757 1247 2819 Ar.
1270 2755 1371 2820 voluit

241 2855 348 2920 ἄεθλον
381 2877 446 2922 non
468 2856 651 2938 pleramque
678 2855 735 2920 sed
761 2876 884 2936 semper
912 2877 981 2922 esse
1008 2858 1147 2934 ἔπαθλον,
1176 2857 1370 2940 ,praemium

242 2959 453 3024 certaminis.“
497 2958 611 3022 Prodit
625 2959 687 3024 hoo
703 2957 905 3040 discipulum,
924 2959 977 3041 qvi
993 2959 1032 3024 de
1049 2960 1195 3042 magistri
1212 2959 1372 3024 sententia

241 3082 352 3126 severa
375 3065 407 3125 61
430 3059 573 3142 diligenti
595 3060 715 3142 aliqvid
736 3061 867 3139 remisit,
886 3063 1147 3144 ,grammaticum
1164 3061 1301 3144 aliqvem
1318 3061 1371 3144 qvi

241 3162 394 3248 speciosis
416 3161 496 3226 locis
519 3164 555 3246 (ρ
578 3166 629 3225 73.
656 3165 732 3242 106)
755 3182 790 3226 66
812 3161 880 3226 falli
901 3183 1016 3246 passus
1039 3166 1113 3228 est.“

345 3266 427 3328 ἀντί
452 3266 539 3348 δηλοῖ
564 3265 615 3348 μὲν
642 3265 750 3348 κυρίως
777 3267 829 3349 τὴν
853 3265 1000 3350 πρόθεσιν,
1023 3269 1064 3334 ὡς
1085 3289 1112 3328 κ.
1135 3268 1221 3350 ἡμεῖς
1242 3265 1372 3349 τίθεμεν,

241 3393 268 3432 κ.
292 3373 333 3438 ὥς
355 3367 551 3452 Ἀρίσταρχος
573 3368 762 3450 ἀναγινώσκει
784 3373 885 3431 τοῦτον
903 3368 1042 3452 (11161.)
1060 3369 1107 3430 τὸν
1125 3369 1222 3451 στίχον
1241 3365 1370 3452 ,Τρώων

241 3470 306 3536 ἀνθ’
331 3469 432 3534 ἑκατόν
456 3507 496 3518 -
521 3505 561 3516 -
584 3472 642 3517 -“
666 3469 690 3532 Θ
714 3474 786 3534 233.
830 3469 870 3533 Η.
893 3469 915 3532 l.
938 3469 1037 3552 igitur
1052 3471 1108 3534 Ar.
1125 3470 1203 3553 legit
1218 3471 1289 3547 ἀντί,
1305 3491 1371 3534 non

241 3574 322 3653 ἄντα,
353 3572 387 3637 id
415 3572 498 3654 qvod
525 3571 621 3636 etiam
649 3571 770 3638 scholio
799 3570 1016 3650 confirmatur,
1046 3577 1078 3636 et
1098 3572 1371 3656 praepositionem

241 3697 337 3742 sensu
369 3673 494 3756 vulgari
528 3673 661 3755 accepit.
707 3673 770 3738 Sed
798 3673 896 3739 alium
925 3694 1047 3756 qvoqve
1074 3673 1160 3738 vocis
1189 3675 1253 3736 ἀντί
1276 3694 1371 3738 usum

241 3779 358 3862 posuit,
382 3798 473 3861 qvem
497 3775 558 3841 lex.
578 3797 653 3841 mox
668 3776 799 3855 indicat,
818 3777 959 3858 qvamvis
976 3775 1063 3840 nullo
1076 3780 1209 3841 auctore
1221 3775 1372 3840 laudato:

241 3883 351 3944 τίθεται
378 3881 410 3942 δὲ
433 3882 492 3943 καὶ
515 3880 562 3942 ἐστὶ
584 3883 636 3942 τοῦ
659 3877 734 3956 ἴσου,
758 3877 1233 3964 611661161161161,,ἄντιθέῳ“
1257 3879 1292 3961 (α
1315 3879 1372 3960 21)

240 3985 261 4048 i.
290 4005 320 4065 q.
350 3982 466 4068 ἰσοθέιρ.
510 3981 600 4047 Η666
621 4001 696 4046 vero
719 3980 761 4046 ab
783 3981 972 4046 Aristarcho
994 3980 1141 4063 profecta
1163 4001 1241 4059 esse,
1263 3979 1369 4062 Apoll.

240 4085 372 4163 indicat,
406 4083 515 4166 paullo
537 4083 671 4148 inferius
695 4083 802 4148 dicens
825 4084 1019 4168 ,ἀντιανείρας
1041 4081 1226 4168 Ἀμᾶζονας”
1250 4082 1291 4147 ab
1314 4081 1371 4145 illo

241 4187 402 4253 redditum
428 4206 498 4252 esse
526 4187 686 4269 ἰσάνδρους.
732 4185 779 4250 Of.
809 4187 906 4252 etiam
934 4187 1001 4250 sch.
1029 4209 1051 4271 φ
1075 4188 1124 4249 75.
1171 4184 1235 4248 Sed
1258 4183 1370 4250 codem
