3108 4870
288 293 331 354 94

243 464 377 523 monstr.
405 459 425 521 i.
455 479 486 540 q.
515 457 619 542 ταύτῃ,
648 460 729 544 ῥῆμα
756 458 790 520 δὲ
817 457 1023 542 προστακτικὸν
1045 457 1078 519 τὸ
1100 458 1174 543 λάβε
1198 457 1377 542 [σηρείιοσοιι

243 559 338 644 Tell]
361 560 481 623 πιθανὸν
504 560 576 624 εἶναι
596 563 690 645 χωρὶς
711 564 763 623 τοῦ
786 584 796 622 ι
816 561 948 646 γράφειν.
993 558 1041 623 cf.
1064 558 1088 621 Ξ
1112 562 1173 622 219
1196 561 1216 644 ἡ
1240 561 1265 622 δ.
1290 559 1316 622 d.
1339 561 1372 622 τὸ

244 667 280 746 τῆ
308 662 381 747 λάβε
408 661 491 725 ἐστίν.
535 661 630 728 Unde
653 662 786 746 colligas
809 663 906 727 etiam
928 662 1084 726 Aristum
1107 661 1169 726 hoc
1190 681 1251 743 pro
1273 661 1374 743 impe·

243 763 346 829 0011νο
375 763 504 828 duxisse
531 771 564 828 et
592 765 661 829 sine
688 765 756 830 iota
778 763 954 847 scripsisse.
999 762 1096 845 Atqvi
1118 769 1219 840 erant,
1243 763 1295 844 qvi
1315 763 1372 826 ad·

243 864 386 930 verbium
413 865 636 947 pronominele
664 866 726 930 hoc
753 886 822 930 esse
849 864 981 943 vellent;
1008 863 1144 928 invaluit
1171 870 1280 928 temen
1301 863 1372 926 Ari·

242 967 464 1032 stercheorum
499 967 668 1045 sententia,
704 966 791 1032 velut
817 967 839 1029 9
866 971 928 1030 477
957 966 989 1028 τὸ
1017 971 1053 1050 τῆ
1083 967 1164 1051 ῥῆμα
1191 985 1372 1050 προστακτοο

242 1105 282 1116 --
312 1106 352 1116 -
380 1073 421 1137 ὡς
448 1072 492 1132 λῶ
519 1072 574 1153 λῆς
600 1072 639 1154 λῆ
668 1093 694 1132 κ.
718 1073 760 1140 ζῶ
783 1073 836 1153 ζῆς
859 1072 907 1153 ζῆ,
930 1061 1008 1132 οὕτω
1031 1073 1072 1144 τῶ
1095 1073 1149 1153 τῆς
1170 1073 1217 1153 τῆ.
1261 1067 1342 1132 Item
1365 1093 1374 1131 ι

243 1174 314 1234 347.
349 1170 396 1233 cf.
431 1170 519 1235 Curt.
552 1169 657 1255 Etym.
687 1173 737 1250 64,
767 1175 846 1234 217;
875 1177 911 1255 τῆ
940 1177 1014 1236 1000
1042 1192 1061 1235 a
1089 1170 1159 1235 rad.
1188 1193 1225 1233 τοι
1253 1171 1377 1254 [reis-o,

242 1273 351 1337 ταν-ύω
374 1273 464 1358 cett.)

344 1377 460 1460 τιμήν.
506 1373 552 1438 Of.
576 1375 643 1440 sch.
666 1377 695 1438 A
721 1377 791 1438 159.
814 1374 838 1439 Γ
862 1379 934 1439 286.
958 1375 984 1438 Ρ
1008 1379 1060 1439 92.

344 1477 527 1561 τρίποδας.
572 1476 644 1555 Hic,
673 1483 711 1540 ut
735 1477 933 1559 plerumque,
962 1477 1120 1560 Apionem
1149 1476 1378 1556 retutst‚³Ari·

242 1579 371 1643 stercbo
399 1579 580 1661 adjuvante.
625 1578 755 1643 Plenior
782 1584 815 1642 et
837 1577 988 1643 disertior
1011 1579 1065 1642 hic
1086 1585 1214 1644 servate
1235 1585 1285 1643 est
1305 1577 1374 1642 Ani

242 1680 389 1745 doctrina
412 1680 451 1744 de
474 1679 594 1761 duplici
616 1679 779 1762 tripodum
804 1702 920 1764 genere
942 1685 999 1744 τῶν
1022 1680 1249 1765 ἀναθημοιτικῶν
1273 1703 1299 1743 κ.
1315 1684 1374 1744 τῶν

242 1781 458 1866 ἐμπυριβητῶν,
481 1801 575 1862 qvem
597 1781 630 1844 in
654 1781 769 1864 exiguo
792 1782 892 1847 schol.
916 1781 958 1846 ad
981 1781 1012 1844 Ψ
1035 1785 1106 1845 267.
1131 1785 1198 1830 -⁸

345 1884 552 1967 τρίλλιστος
584 1882 625 1966 (Θ
654 1887 732 1962 488)
759 1886 1010 1952 πολολιτάνευτος·
1039 1883 1075 1946 τὰ
1102 1883 1158 1967 γὰρ
1185 1884 1249 1967 τριά
1276 1884 1374 1969 ἀρχὴν

241 1985 375 2070 πλήθους
403 1987 545 2070 σημαίνει.
576 1986 645 2049 ὅθεν
674 1987 721 2049 καὶ
749 1988 974 2072 ,,τρισράκαρες“
998 1989 1028 2070 (ε
1051 1988 1138 2070 306),
1161 1985 1276 2068 qvibus
1298 2007 1374 2051 oon·

240 2088 313 2165 fert,
348 2087 432 2170 qvod
458 2088 491 2152 in
518 2088 644 2171 vulgari
672 2088 902 2154 consuetudine
928 2089 1078 2173 τρίδουλος
1106 2088 1134 2152 is
1160 2094 1292 2152 vocetur
1320 2087 1374 2170 qvi

240 2190 349 2254 multis
371 2191 499 2254 serviet.
544 2187 628 2254 Item
650 2190 718 2256 fere
739 2191 851 2257 scholl.
875 2189 900 2254 Θ
923 2195 986 2255 488
1009 2198 1042 2256 01
1064 2189 1088 2253 Ξ
1113 2193 1164 2254 38.

344 2289 478 2376 Τροίης
505 2293 576 2354 ποτὲ
604 2293 655 2376 μὲν
683 2298 736 2378 τῆς
762 2297 875 2379 χώρας,
898 2294 970 2356 ποτὲ
992 2294 1025 2356 δὲ
1046 2298 1099 2378 τῆς
1121 2291 1216 2356 Ἰλίου.
1239 2291 1319 2374 λέγει
1339 2291 1377 2354 δὲ

240 2419 267 2458 κ.
296 2391 432 2479 Τρωϊκήν
458 2416 521 2457 τινα
548 2393 629 2457 πόλιν
657 2396 687 2457 Α
716 2398 786 2458 128.
830 2395 858 2460 Ε
886 2395 974 2460 nuda
1001 2394 1178 2478 exiguaqve
1201 2393 1309 2476 glossa
1330 2391 1373 2458 ed

240 2499 269 2561 A
304 2500 364 2560 128
398 2497 451 2562 vix
484 2496 637 2579 conjicies
676 2497 829 2562 disertam
868 2497 1124 2562 observationem
1156 2496 1211 2560 hic
1242 2495 1371 2578 respici.

241 2600 320 2664 Cum
354 2599 437 2664 enim
469 2598 662 2676 Zenouotus‚
693 2600 798 2682 ipsum
831 2599 926 2664 Ilium
953 2599 1152 2682 intellegens,
1181 2597 1373 2680 disyllabum

240 2702 422 2784 scripsisset
444 2697 562 2786 Τροίην,
590 2701 706 2765 Ariste
729 2701 893 2766 contendit
915 2701 954 2766 de
975 2701 1035 2766 Ilio
1058 2699 1264 2766 nullomodo
1287 2699 1373 2782 cogi-

239 2803 373 2868 tandum
398 2825 476 2881 csso,
500 2802 626 2887 „uidebor
649 2803 705 2889 γὰρ
729 2805 755 2866 εἰ
776 2805 889 2867 ἑλοῦσιν
912 2803 1030 2888 αότήν,“
1052 2802 1109 2868 sed
1132 2802 1172 2866 (10
1193 2801 1300 2884 sliqvo
1316 2822 1376 2884 op·

240 2905 352 2988 pidulo
374 2905 498 2983 Troico,
522 2905 606 2986 qvod
628 2904 769 2970 Achilles
792 2906 977 2988 direpturus
1000 2911 1093 2983 esset,
1116 2912 1149 2968 et
1169 2903 1373 2988 trisyllabum

240 3005 432 3072 vocabulum
465 3006 562 3070 scribi
590 3007 688 3088 jussit
720 3005 838 3092 Τροΐην.
882 3007 964 3072 Item
998 3007 1032 3070 in
1059 3010 1077 3069 λ
1106 3010 1167 3070 510
1195 3004 1248 3091 Τρ.
1271 3005 1373 3070 voluit

240 3107 429 3192 oppidulum
457 3107 586 3194 eliqvod
609 3130 678 3174 esse
701 3109 837 3190 dictum;
861 3132 889 3178 ν.
912 3111 978 3174 sch.
1001 3109 1033 3172 h.
1056 3108 1077 3172 1.
1104 3106 1241 3172 Dindort
1262 3113 1370 3172 annot.

240 3248 282 3258 -
310 3210 445 3293 „rectius
472 3209 560 3273 haud
589 3209 684 3276 dubie
712 3218 744 3277 et
772 3213 803 3276 h.
832 3212 852 3276 l.
882 3218 915 3276 01
941 3213 970 3277 Α
999 3214 1060 3274 129
1089 3210 1219 3289 Zenod,
1248 3209 1288 3275 de
1310 3229 1376 3292 qvo

239 3313 402 3377 Duentzer
422 3332 454 3395 p.
479 3314 547 3375 92.“
582 3311 730 3378 Ceterum
753 3335 826 3378 cum
840 3315 917 3378 Arzo
934 3313 1082 3396 congruit
1096 3311 1237 3392 lexicon3
1260 3334 1288 3376 v.
1305 3311 1370 3376 sch.

241 3413 270 3476 Φ
295 3417 367 3477 544.
393 3414 429 3479 L.
452 3415 506 3477 Ar.
531 3417 603 3478 229.

342 3515 439 3599 τύνη.
485 3515 798 3582 (11.Ζ262.Τ10.

338 3613 428 3702 Ὕδη
451 3612 633 3702 -01Ὕλη
678 3619 842 3684 Articulus
872 3619 1002 3685 uberior
1029 3619 1177 3703 congruit
1203 3639 1277 3682 cum
1303 3615 1370 3682 scb.

238 3721 267 3786 E
290 3725 363 3786 708.
386 3719 422 3784 L.
445 3722 501 3783 Ar.
527 3723 600 3784 235.

342 3824 569 3909 ὑπερφίαλοι
601 3823 650 3887 De
683 3821 985 3906 significationibus:
1021 3825 1213 3909 ὑπερήφανοι,
1247 3823 1274 3885 οἱ
1305 3819 1370 3883 κατ’

239 3925 347 4009 ἀρετὴν
371 3926 567 4010 διαφέροντες,
590 3923 716 3991 lexicon
740 3925 898 3990 consentit
920 3945 991 3990 cum
1014 3925 1114 3991 schol.
1138 3924 1165 3988 0
1189 3928 1238 3988 94.
1260 3925 1370 4010 0289.

240 4024 303 4112 (Of.
325 4025 388 4090 lex.
411 4048 437 4090 s.
461 4028 652 4110 αθερίοτων).
