3108 4870
1184 355 1244 416 105

172 537 370 623 ἀσάμινθον
397 539 455 602 ἀπὸ
482 542 533 602 τοῦ
561 541 613 623 τὴν
641 537 702 602 ἄσιν
730 539 866 623 μινύθειν.
895 541 995 624 δειρή
1018 541 1034 602 ὁ
1057 539 1223 624 ταράχηλος
1245 575 1285 589 -··

170 673 214 686 —-
236 639 282 704 διὰ
303 640 336 703 τὸ
358 641 415 704 ἀπὸ
437 640 545 704 τούτων
568 645 624 705 τῶν
649 645 744 726 μερῶν
759 641 904 727 ἄρχεσθαι
918 642 1071 727 δείρεσθαι.
1088 641 1213 726 δέμνια
1229 641 1290 705 ἀπδ

171 745 224 806 τοῦ
245 743 277 804 τὸ
299 742 389 826 δέμας
411 743 440 806 ἐν
463 743 561 812 αὐτοῖς
583 743 686 828 μένειν.
709 780 750 793 ·—-
774 745 836 809 Sed
853 744 922 828 jam
938 745 1045 810 taedet
1059 744 1196 826 ineptias
1212 765 1286 810 enu-

170 865 305 922 merare,
328 845 440 927 qribus
462 845 589 928 qvaevis
610 846 704 911 lexici
725 847 844 930 pagine
866 847 1016 912 abundat.
1064 846 1176 930 (Plura
1202 846 1289 911 vide·

170 947 220 1012 bis
242 947 319 1030 Cap.
341 946 430 1030 ΙΙΙβ
476 950 498 1028 ).

273 1053 302 1112 5.
345 1049 433 1113 Inter
454 1051 593 1115 rationes
608 1051 833 1116 Aristarcheae
848 1051 1123 1133 interpretationis
1139 1050 1218 1115 haec
1238 1051 1287 1115 vel

169 1152 300 1216 maximi
327 1153 477 1217 momenti
506 1158 562 1234 est,
589 1153 671 1236 qvod
699 1155 747 1236 „in
775 1158 928 1218 consuetos
955 1152 1126 1232 vocabulis,
1155 1173 1286 1235 qnorum

170 1259 203 1319 et
225 1254 266 1318 ad
289 1254 442 1337 majorem
464 1253 705 1320 Homericorum
721 1256 862 1320 locorum
878 1261 1002 1338 partem
1017 1255 1201 1338 plerumqve
1215 1275 1290 1338 per-

169 1357 251 1421 tinet
276 1356 398 1422 utilitas
426 1361 458 1421 et
480 1356 651 1440 explicatio
674 1359 801 1436 certior,
823 1357 896 1440 plus
918 1359 1014 1422 etiam
1037 1379 1130 1440 qvam
1152 1357 1184 1420 in
1206 1357 1290 1422 rari·

170 1457 280 1524 oribus
308 1464 339 1524 et
367 1459 555 1541 antiqnitate
582 1460 759 1525 obscuratis
781 1481 897 1542 operae
919 1460 1073 1542 ponebat‘
1097 1459 1210 1543 (Lehra
1232 1461 1285 1524 λι.

170 1563 235 1637 45).
279 1561 402 1626 Horum
434 1581 526 1626 usum
557 1563 723 1653 propriam
758 1562 997 1646 diligentissime
1031 1562 1222 1644 explanavit,
1252 1567 1288 1626 ut

170 1663 266 1730 etiam
289 1685 382 1740 nuno,
406 1685 486 1746 qvae
508 1665 646 1748 ejusdem
671 1667 794 1749 generis
816 1666 848 1728 in
871 1665 973 1729 lexico
996 1670 1121 1728 servata
1143 1671 1225 1743 sunt,
1241 1665 1287 1728 in·

171 1766 287 1831 (licant.
333 1766 427 1830 Sunt:
456 1769 643 1852 ἀγγελίην,
670 1769 810 1854 ἀείρας,
834 1767 1017 1844 αίδεσθαι,
1040 1765 1169 1852 ἄκρης,
1192 1766 1291 1852 ἄκρι-

170 1891 242 1946 τον,
272 1869 484 1954 ἀμφίβασις,
514 1869 674 1955 ἄριστον,
702 1869 820 1955 βέλος,
849 1869 1112 1956 βεβολημένος,
1136 1871 1288 1956 βεβλήα-

170 1995 222 2050 το,
251 1974 463 2057 διδυμάονε,
492 1971 651 2050 ἔθοντες,
680 1973 870 2048 ἐλαύνωσι,
898 1973 1052 2057 ἤλασαν,
1080 1973 1165 2057 ἤδη,
1195 1976 1287 2058 ippol-

170 2097 230 2152 ιον,
258 2075 353 2160 ἤτοι,
381 2078 469 2164 ἠώς,
497 2077 713 2160 θαυμάζειν,
741 2075 834 2150 ίθιίς,
863 2077 1023 2150 ἱππόται,
1045 2075 1286 2159 καταθύμιος,

169 2177 392 2263 κοιμηθέντι,
415 2181 555 2256 λαθεῖν,
579 2178 743 2264 μέλλετε,
766 2179 888 2262 δμοιίου,
911 2175 1012 2264 ὄψον,
1028 2179 1197 2257 πάντοσε,
1213 2201 1289 2242 ποι·

170 2283 228 2366 νή,
251 2283 509 2366 πρεσβυτάτην,
533 2281 703 2368 πρόβατα,
725 2281 834 2365 τάχα,
856 2285 980 2365 χεῦαι,
1002 2283 1094 2366 χυτή
1115 2269 1191 2345 cett.

278 2381 340 2459 Qvo
366 2385 464 2468 igitur
491 2386 570 2449 haee
596 2391 627 2448 et
654 2383 717 2448 alia
743 2405 803 2449 usu
831 2384 962 2466 proprio
991 2405 1011 2448 a
1037 2389 1133 2466 poeta
1155 2391 1287 2466 accepta

176 2490 287 2562 essent,
314 2505 408 2568 qvum
431 2487 638 2552 constitueret
661 2487 896 2570 grammaticus,
919 2486 952 2550 id
974 2507 1095 2569 qvoqve
1118 2485 1290 2551 observare

175 2585 304 2666 solebat,
328 2589 401 2670 qvid
424 2609 444 2654 a
465 2589 588 2672 vulgari
611 2609 704 2654 sensu
719 2589 768 2654 vel
783 2589 919 2654 aliorum
935 2589 1161 2654 consuetudine
1176 2589 1287 2654 eadem

172 2687 345 2769 differrent,
378 2713 418 2756 ne
450 2691 482 2755 in
516 2712 641 2757 errores
673 2697 705 2756 et
736 2692 813 2756 vitia
839 2712 860 2756 a
886 2691 1063 2774 propinqvo
1090 2690 1288 2754 imminentia

171 2792 239 2874 qvis
261 2793 447 2857 incurreret.
492 2793 594 2870 stre
616 2794 711 2864 etiam
733 2813 828 2876 saepe
851 2815 930 2873 ,non
952 2799 1075 2857 tantum
1098 2793 1171 2873 qnid
1191 2793 1291 2876 signi·-

170 2893 266 2960 fioent
287 2894 452 2974 vocabule,
474 2895 530 2960 sed
552 2896 626 2979 qvid
647 2915 708 2960 non
731 2895 917 2979 significent,
941 2895 1059 2961 docet.“
1105 2895 1209 2978 Hujus
1228 2896 1286 2978 igi·

170 3003 224 3062 tur
250 2999 375 3080 generis
402 3019 420 3062 e
446 2997 548 3064 lexico
571 3000 650 3063 haec
672 2997 818 3063 afferam:
846 2999 1064 3084 ἀκοστήσας,
1088 2999 1287 3084 ἀφήτορος,

171 3100 329 3184 ὁμοιΐου,
354 3101 515 3178 ὀνείατα,
538 3100 811 3184 aglossographis
826 3099 907 3166 falso
923 3099 1098 3183 explicate3
1121 3100 1289 3186 ἀνέσαιμι

171 3205 299 3287 (contre
332 3204 558 3289 Hellanicum),
586 3202 738 3288 ἅρπυιαι
765 3203 902 3282 (advers.
930 3203 1156 3288 Timagenem),
1184 3204 1289 3288 ἄγαλ-

171 3327 235 3391 μα,
268 3307 465 3392 ἀγέρωχοι,
498 3308 606 3391 ἀπίης
637 3309 755 3390 γαίης,
789 3306 959 3382 ἐντυπάς,
991 3308 1203 3392 θαυμάζειν,
1237 3309 1290 3371 in·

171 3409 294 3486 πάται,
322 3415 462 3487 κεστός,
484 3409 719 3495 κοιμηθέντε,
741 3411 936 3494 κροαίνων,
959 3407 1061 3497 ὄψον,
1083 3411 1191 3494 τάχα,
1214 3431 1289 3493 qvo·

171 3533 244 3576 rum
277 3511 348 3577 aliis
379 3511 444 3588 alii,
471 3512 656 3595 plerumqve
683 3512 911 3578 consuetudine
939 3513 1061 3597 vulgari
1089 3513 1121 3577 in
1149 3533 1291 3578 errorem-

171 3613 305 3692 indueti,
333 3635 460 3680 sensum
482 3614 523 3679 ab
546 3613 684 3680 Homero
708 3613 845 3680 alienum
868 3613 1009 3680 tribuere
1030 3615 1184 3682 solebant.
1228 3615 1289 3680 Ra·

171 3715 240 3780 rius
268 3721 374 3782 tamen
401 3716 499 3782 falsas
526 3716 598 3782 illes
625 3716 860 3800 explicationes,
886 3717 1061 3782 Aristarchi
1084 3717 1178 3800 diplis
1199 3722 1291 3782 nota·

171 3823 233 3897 tas,
266 3819 454 3904 Apollonius
487 3826 722 3898 commemorat,
756 3821 821 3886 sive
848 3821 881 3884 in
909 3819 1064 3903 glossario
1093 3820 1153 3885 hoc
1180 3840 1292 3902 super-

72 3947 75 3954 *
172 3919 270 3986 fluum
299 3923 402 3986 visum
425 3928 482 4000 est,
504 3923 569 3988 sive
591 3923 742 4006 apposuit
763 3922 818 3988 ille
840 3921 966 4005 qvidem
988 3921 1130 4001 eas-sed
1153 3922 1292 3988 suntab

173 4023 383 4108 epitomatore
405 4025 549 4090 omissae.
1096 4037 1099 4045 '

276 4127 325 4192 Ad
353 4127 473 4212 diplam
501 4127 817 4211 circumpunctatam,
845 4125 920 4192 olim
943 4128 1079 4210 positam
1102 4127 1157 4194 sed
1179 4132 1292 4210 postea

898 4345 907 4382 l
