3098 4874
255 940 381 1132 Quae
405 1059 444 1123 de
466 1059 628 1141 Apollonii
650 1059 872 1144 lexicographi
894 1061 959 1124 vita
981 1064 1013 1124 et
1030 1061 1143 1134 studiis
1162 1063 1284 1128 tradita
1298 1066 1383 1142 sunt,

251 1160 424 1226 admodum
452 1181 558 1244 pauca
586 1167 618 1226 et
644 1162 765 1244 jejuna,
800 1161 961 1242 Suidae*)
999 1161 1066 1226 fere
1097 1164 1204 1226 omnia
1231 1164 1384 1230 debemus

252 1263 388 1340 auctori,
402 1262 453 1344 qvi
465 1263 546 1326 hacc
558 1261 669 1327 habet:
681 1261 893 1340 Ἀπολλώνιος,
906 1261 1113 1348 Ἀρχεβούλου
1126 1265 1145 1346 ἢ
1159 1261 1383 1348 Ἀρχεβίυυ,**)

251 1364 363 1449 ἔγραψε
385 1366 452 1449 uepl
474 1364 579 1434 λέξεων
598 1361 773 1450 Ὃμηρικῶν
793 1366 869 1430 κατὰ
884 1372 1036 1450 στοιχεῖον.
1052 1365 1146 1430 Hunc
1161 1386 1236 1431 vero
1252 1366 1383 1447 Apollo·

251 1467 340 1530 nium
368 1467 504 1532 eundem
532 1487 600 1532 csse
625 1473 720 1550 atqve
742 1469 948 1550 Apollonium
969 1467 1060 1532 illum
1083 1467 1275 1549 Sophistam
1299 1467 1383 1549 qvod

251 1590 368 1634 nomen
401 1569 514 1634 titulus
541 1569 644 1634 lexico
672 1575 783 1634 nostro
811 1570 973 1652 praefixus
1002 1571 1133 1635 exhibet
1162 1567 1383 1654 (Auelloutoo

250 1670 425 1756 Σοφιστυῦ),
454 1671 504 1734 vel
527 1691 567 1734 ex
589 1691 626 1735 eo
650 1675 796 1751 apparet,
821 1671 914 1752 qvod,
938 1692 1018 1753 qvae
1041 1671 1135 1736 hodie
1157 1673 1191 1735 in
1213 1671 1315 1735 lexico
1338 1669 1383 1734 le·

251 1773 347 1856 gitur,
378 1772 549 1855 explicatio
579 1771 664 1836 vocis
687 1771 802 1834 ἄλεισον
827 1773 938 1836 cadem
962 1771 1029 1836 fere
1052 1778 1099 1836 est
1122 1763 1226 1853 atqve¹
1239 1771 1304 1850 illa,
1329 1792 1383 1835 cu-

249 1876 302 1958 jus
325 1875 377 1938 Et.
401 1873 444 1938 M.
461 1879 624 1938 auctorem
640 1872 753 1938 laudat
767 1873 973 1955 Apollonium
988 1873 1133 1938 Archibii
1148 1872 1258 1936 filium.
1293 1871 1383 1948 Qvod

250 1996 327 2041 vero
351 1975 601 2058 explicationum
623 1974 674 2038 Et.
698 1974 741 2038 Μ.
765 1996 878 2039 vocum
900 1977 987 2060 νήφοι
1011 1981 1042 2040 et
1063 1974 1164 2058 αἰζηός
1183 1975 1273 2056 prior
1287 1974 1383 2039 hodie

249 2080 284 2144 in
312 2077 415 2142 lexico
442 2082 553 2142 nostro
576 2097 732 2158 nusquam
754 2077 881 2160 legitur,
906 2077 1009 2142 altera
1031 2099 1104 2142 cum
1125 2077 1220 2141 lexioi
1242 2075 1382 2158 explica-

250 2173 338 2245 tione
360 2201 477 2262 parum
500 2180 674 2262 conspirat,
698 2179 737 2243 de
757 2180 819 2244 hoc
838 2179 972 2244 Villoiso
994 2185 1115 2244 monet:
1132 2179 1286 2263 „fortasse
1301 2179 1382 2242 haec

252 2282 366 2368 (νήφοι)
395 2302 461 2346 non
487 2303 527 2346 ex
555 2281 623 2362 ejus
646 2281 748 2346 lexico
772 2317 813 2328 —-
835 2319 877 2329 —-
902 2319 940 2330 -
964 2281 1021 2346 sed
1044 2303 1083 2346 ex
1106 2281 1169 2345 alio
1193 2282 1261 2363 ejus
1285 2299 1382 2362 opere

250 2383 418 2466 deperdito
448 2383 639 2464 deprompta
666 2383 767 2446 sunt.“
812 2381 900 2458 Qvod
928 2383 1006 2448 mihi
1033 2388 1141 2446 tamen
1162 2381 1295 2464 probari
1317 2403 1381 2446 non

248 2492 365 2570 potest.
411 2484 513 2548 Immo
541 2488 621 2565 puto
644 2503 683 2548 ex
704 2483 755 2547 his
777 2487 903 2546 tantum
926 2505 1095 2566 apparere,
1118 2505 1212 2566 qvam
1232 2482 1382 2547 mutilata

249 2594 281 2654 et
305 2592 475 2653 contracta
497 2585 591 2650 lexici
615 2584 759 2649 condicio
783 2585 938 2651 hodierna
960 2586 1011 2662 sit,
1034 2584 1068 2648 id
1086 2585 1169 2668 qvod
1184 2586 1282 2650 etiam
1296 2584 1381 2648 infra

249 2688 504 2755 demonstraturi
521 2705 631 2750 sumus
650 2685 726 2772 (vid.
739 2685 845 2768 Caput
856 2686 929 2768 ΙΙΙ).
964 2686 1053 2763 Qvod
1064 2708 1139 2753 vero
1151 2687 1193 2752 ad
1212 2686 1381 2769 Sophistae

248 2795 499 2875 cognomentum
523 2788 647 2865 attinet,
670 2787 755 2870 quad
777 2787 853 2852 God.
878 2787 937 2852 Me.
961 2789 1084 2871 primus
1107 2789 1236 2854 exhibet
1251 2787 1381 2870 Apollo·

247 2894 302 2958 nio
326 2891 529 2969 attributum,
552 2891 615 2956 hoc
637 2888 773 2954 fortasse
795 2911 860 2955 non
883 2890 924 2955 ab
947 2891 1143 2973 aequalibus,
1166 2890 1222 2956 sed
1239 2911 1259 2955 a
1274 2893 1381 2972 poste·

249 2995 391 3061 rioribus
414 2993 547 3058 honoris
561 3007 669 3057 'causa
690 2991 731 3057 ob
754 2992 932 3057 studiorum
956 3013 1055 3075 genus
1072 2993 1219 3058 inditum.
1264 2990 1382 3056 Confer

250 3097 391 3176 titulum,
431 3095 525 3178 qvem
568 3095 717 3159 Timaeus
761 3093 864 3160 lexico
907 3115 965 3159 suo
1009 3095 1176 3160 Platonico
1213 3093 1382 3177 praemisit

249 3197 391 3284 „Trpuioo
421 3196 569 3282 Σοφιστυό
597 3195 630 3259 ἐκ
658 3202 715 3259 τῶν
743 3200 796 3259 τοῦ
823 3195 983 3265 Πλάτωνος
1009 3197 1132 3267 Memfi
1157 3196 1281 3280 (Ranke
1303 3195 1380 3276 Hes.

246 3302 310 3368 lex.
334 3323 365 3384 p.
393 3299 479 3386 138).

352 3401 470 3480 Quodsi
493 3398 682 3483 Apollonius
705 3400 856 3484 Sophiste
877 3401 962 3466 idem
992 3405 1041 3466 est
1066 3407 1160 3482 atqve
1191 3398 1298 3482 Apoll.
1321 3399 1381 3462 Ar·

248 3504 346 3572 chibii
379 3503 473 3581 filius,
508 3501 649 3567 dubitari
681 3523 746 3567 non
780 3508 895 3585 potest,
930 3502 1005 3585 qviu
1040 3502 1133 3566 titulo
1169 3501 1296 3566 Codicis
1323 3520 1380 3564 ms.

248 3608 381 3690 „Aetruhr
404 3605 480 3669 κατὰ
502 3609 644 3689 στοιχεῖον
669 3610 722 3690 τῆς
743 3627 776 3666 τε
798 3603 920 3672 Ἰλιάδος
934 3606 983 3668 καὶ
998 3600 1185 3672 Ὀδυσσείας“
1200 3603 1285 3667 idem
1301 3623 1382 3685 opus

247 3709 447 3794 significetur
481 3713 576 3790 atque
607 3706 689 3771 illud
722 3707 806 3788 qvod
840 3706 955 3772 Suidas
988 3711 1146 3772 memorat
1180 3708 1222 3790 (v.
1255 3704 1380 3790 supra).

246 3811 342 3876 Hunc
371 3817 478 3876 autem
509 3807 638 3873 titulum
667 3808 758 3878 λέξεις
781 3805 945 3895 Ὁμηρικοὶ
971 3809 1047 3872 κατὰ
1068 3812 1211 3892 στοιχεῖον
1235 3807 1383 3874 usitatio-

247 3933 316 3976 rem
345 3911 444 3976 iuisse
472 3931 566 3993 quam
595 3909 742 3990 aiterum,
772 3911 869 3976 etiam
897 3932 937 3977 ex
958 3911 1109 3997 Hesychii
1132 3911 1238 3976 verbis
1259 3911 1293 3974 in
1316 3910 1381 3992 epi·

247 4015 333 4080 stola
355 4013 593 4095 nuncupatoria
615 4013 658 4077 ad
679 4012 851 4096 Eulogium
874 4014 989 4098 conjici
1012 4018 1133 4097 potest:
1158 4011 1268 4077 Πολλοὶ
1285 4012 1336 4097 μὲν
1353 4037 1380 4075 κ.

350 4184 379 4251 l)
391 4181 489 4237 sudas
508 4197 528 4234 ι.
546 4197 588 4236 vv.
608 4179 704 4244 Απίων,
719 4181 846 4254 Ἀρχίβιος
860 4181 1041 4253 Ἀπολλωνίου,
1052 4182 1140 4237 Ἀπολ.
1151 4180 1287 4254 Ἀρχιβίου,
1300 4180 1380 4237 Marci.

352 4267 451 4337 **)l)e
469 4267 556 4336 patris
574 4267 679 4321 nomine
697 4284 721 4322 v.
740 4268 806 4323 Vill.
824 4268 918 4338 proleg
933 4269 976 4322 III
994 4285 1034 4338 sq.
