3108 4870
357 538 498 601 λαθεῖν.
541 535 677 600 Praeter
703 534 845 616 glossam
871 535 1036 616 Apollonii
1062 535 1166 599 &tm
1191 537 1387 624 παραπέμψα-

254 641 335 716 αθαι,
355 641 410 704 bic
430 638 568 719 legimns
588 657 715 700 uersum
736 635 754 698 1
775 639 837 698 537
860 638 897 719 ,ἢ
920 637 1021 700 λάθετ’
1044 640 1066 721 ἦ
1088 637 1142 700 oin
1157 639 1277 721 tvo'rpe‘
1291 660 1388 720 para·

254 743 367 825 phrasi
404 739 582 804 redditum:
619 740 687 821 ἢτοι
722 739 797 800 &urbi
836 739 926 800 θῦσαι
961 740 1173 824 παρεπέμψατο
1210 744 1248 823 τῇ
1288 739 1388 824 Ἀρτέ-

256 847 326 928 μιδι,
347 846 368 927 ἦ
391 844 469 910 ὅλως
492 842 540 904 ἐπὶ
561 844 630 902 νοῦν
652 839 708 902 οὖα
727 839 830 923 ἦλθεν.
872 839 924 902 En
943 841 1124 922 exemplum
1138 841 1232 906 valde
1245 842 1389 906 luculen-

254 953 325 1010 tum
350 943 509 1027 ejusmodi
535 942 789 1023 paraphraseon,
812 962 950 1023 quarum
971 943 1074 1008 bebrs
1095 945 1291 1008 menb'onem
1311 943 1390 1008 facit

254 1050 313 1110 Ar.
345 1069 377 1128 p.
408 1050 481 1122 153,
511 1047 583 1106 154.
627 1043 718 1106 Haec
743 1064 819 1106 vero
846 1045 1055 1108 Aristar-eben
1081 1051 1131 1108 est
1156 1051 1239 1108 teste
1265 1045 1389 1110 scholio

255 1149 273 1212 1
295 1152 358 1210 537
381 1147 521 1227 (advers.
565 1144 685 1208 Zenod.
707 1145 900 1210 scribentem
922 1145 1072 1224 ,ἐκλάθετ’
1096 1145 1159 1209 οὐδ’
1182 1147 1347 1230 ἐνόησενῆ.

371 1249 522 1330 λαισήῖα
553 1245 664 1329 θορέοο
695 1245 779 1327 γένος
810 1249 831 1330 ἦ
865 1246 948 1332 βέλη.
983 1247 1049 1330 (Et
1085 1245 1128 1311 bt.
1161 1248 1250 1330 μιαρὰ
1282 1249 1418 1318 ἀοι-τιδι’·Ι

257 1373 324 1414 σιιια
356 1349 537 1434 ὡμοβὺρσια.
571 1347 649 1410 ibid
683 1348 801 1431 θυρεός,
834 1349 923 1411 ὅπλον
955 1387 998 1397 -
1032 1351 1049 1412 ὁ
1076 1349 1169 1433 bbpos
1195 1350 1271 1419 τάξιν
1299 1349 1389 1433 ἔχων.

257 1453 372 1517 Villois
398 1451 516 1533 Apolb:
546 1451 643 1513 vertit
664 1450 840 1531 ,quoddam
861 1451 946 1514 scuti
966 1471 1068 1532 genus
1089 1458 1147 1514 aut
1168 1450 1276 1533 tela“).
1311 1476 1390 1514 πτε-

258 1555 387 1640 ρόεντα
408 1555 443 1616 δὲ
464 1552 578 1636 εἴρηται
599 1553 644 1614 ὅτι
663 1551 739 1612 κατὰ
760 1552 794 1612 τὸ
815 1558 920 1635 σχῆμα
941 1558 1056 1636 πτεροῖς
1077 1553 1165 1634 ὅμοια
1187 1551 1261 1614 εἷναι
1280 1558 1388 1638 κοῦφα.

256 1656 347 1720 Haec
373 1654 536 1730 mutilata,
569 1653 627 1716 scd
653 1652 779 1716 medela
805 1654 916 1733 parari
944 1661 1061 1734 potest,
1090 1653 1208 1718 collato
1230 1653 1296 1718 alio
1318 1655 1390 1720 loeo

258 1759 306 1840 (p.
332 1757 418 1840 136),
440 1755 497 1818 ubi
519 1754 559 1817 de
580 1753 692 1817 eodem
714 1754 873 1837 πιερίεντη
895 1756 1018 1837 agitur:
1038 1793 1081 1803 -
1103 1793 1142 1804 -
1162 1759 1282 1840 λαισήία
1297 1781 1390 1841 τηεμ,

257 1856 327 1943 ἤτοι
346 1857 383 1920 τὰ
404 1859 447 1942 τῷ
469 1858 601 1939 σχήματι
621 1857 784 1938 παραμήκη
807 1860 849 1923 ὡς
870 1859 973 1940 πτερά,
995 1859 1016 1941 ἢ
1039 1861 1146 1942 κοῦφα.
1189 1857 1303 1940 Itaque
1321 1859 1389 1940 jam

259 1959 452 2026 emendabo:
480 1956 640 2040 πτερόεντα
665 1958 699 2018 δὲ
726 1957 780 2041 εἶρ.
807 1961 875 2042 ἦτοι
901 1959 949 2021 διὰ
976 1961 1009 2021 τὸ
1030 1959 1106 2022 κατὰ
1126 1959 1160 2021 τὸ
1181 1965 1286 2042 σχῆμα
1308 1983 1389 2044 nep.

259 2063 310 2146 ὅμ.
333 2061 406 2124 εἶναι
425 2065 468 2128 ὡς
488 2062 662 2142 παραμήκη,
684 2060 705 2142 ἢ
727 2064 834 2144 κοῦφα.
869 2059 923 2124 Sic
938 2061 1066 2124 demum
1080 2059 1185 2142 Apoll:
1202 2082 1274 2124 cum
1290 2061 1388 2126 schol.

259 2165 401 2228 Ariston.
424 2162 467 2226 ad
488 2161 531 2225 M.
555 2165 618 2224 426
641 2163 808 2224 consentit.

363 2263 474 2346 λαρόν
507 2262 661 2345 προσηνές,
693 2263 751 2345 ἡδύ
891 2263 972 2346 παρὰ
999 2264 1032 2324 τὸ
1061 2262 1177 2347 [addo:
1205 2263 1316 2340 λαιίειν,
1343 2265 1388 2348 τὸ]

260 2365 359 2451 tetra<
384 2389 415 2448 η.
445 2365 667 2432 ἀπολαυσταῶς
694 2363 772 2447 ἔχειν
799 2365 873 2448 πρὸς
893 2366 1013 2432 πάντας.
1058 2365 1153 2428 Patet
1173 2365 1259 2429 hanc
1280 2386 1389 2430 vocem

262 2468 337 2532 duci
363 2488 384 2531 a
409 2467 500 2541 λάειν,
527 2465 611 2547 qvod
637 2466 725 2529 infra
751 2466 857 2548 Apoll.
884 2467 955 2548 ipse
980 2467 1204 2530 Aristarchum
1232 2467 1311 2530 dicit
1337 2488 1389 2531 ac·

262 2569 395 2650 cepisse,
427 2569 615 2630 ἀπολαυστα.
644 2567 732 2651 ἔχειν.
777 2568 825 2631 cf.
861 2569 927 2632 seb.
955 2592 973 2629 τ
999 2571 1061 2631 229
1088 2569 1183 2631 λάων;
1217 2568 1388 2654 Ἀρίσταρχ.

261 2671 372 2747 babent,
394 2671 554 2732 ἀπολαυστ.
578 2668 667 2752 ἔχων.

363 2770 492 2858 λαγμῷ
515 2771 746 2854 στεινόμενος
773 2775 815 2833 τῶ
837 2773 922 2834 δασεῖ
939 2775 997 2832 τῶν
1021 2775 1139 2854 μαλλῶν
1162 2772 1390 2857 στενοχορίιομε-

261 2897 321 2951 νοτ,
365 2875 553 2938 Aristarcho
575 2875 660 2937 banc
681 2894 804 2955 qvoqve
825 2873 1041 2954 paraphrasin
1063 2874 1182 2952 deberi,
1205 2895 1390 2957 cognosces,

264 2976 291 3039 si
314 2995 395 3057 qvae
417 2975 477 3039 sub
500 2976 643 3038 στείνοντο
666 2973 841 3052 attulimus,
864 2975 1052 3056 inspexeris.
1074 2976 1125 3038 Ad
1141 2975 1277 3040 eundem
1293 2977 1392 3059 igitur

264 3083 428 3141 auctorem
453 3076 658 3141 referendum
687 3083 736 3141 est
757 3075 856 3140 schol.
881 3100 890 3137 ι
911 3080 973 3139 445
995 3076 1032 3138 B.
1056 3076 1092 3153 Q.
1137 3076 1227 3154 Qvod
1249 3077 1292 3141 ad
1314 3077 1390 3142 scri-

262 3185 393 3260 pturam
420 3179 535 3242 attinet
561 3179 680 3263 λαχμῷ,
707 3198 771 3242 non
798 3181 900 3264 λοχνῷ
928 3179 1050 3259 antiqui
1076 3179 1316 3262 distinguebant
1342 3183 1391 3242 λα-

262 3280 350 3363 χμίν,
372 3280 563 3360 specimen
583 3279 674 3343 lame
694 3303 714 3342 α
735 3283 837 3366 λαχνῷ
859 3282 880 3344 i.
903 3301 934 3362 q.
957 3282 1055 3364 λάχνη
1077 3281 1148 3361 ipsc
1170 3282 1254 3358 leno,
1277 3289 1313 3346 ut
1335 3303 1392 3364 ap-

264 3388 358 3463 paret
379 3403 420 3445 ex
439 3381 492 3445 Et.
515 3381 558 3444 Μ.
581 3403 613 3462 p.
638 3385 709 3458 358,
734 3385 784 3444 24.
916 3413 925 3430 ·

367 3483 569 3565 λεγοίμεθα
590 3485 807 3567 διαλεγοίμεθα.
851 3483 944 3548 Hanc
966 3483 1112 3562 formam,
1135 3505 1231 3548 sensu
1253 3490 1312 3548 τοῦ
1333 3487 1392 3547 δια-

264 3582 404 3666 λέγεσθαι
428 3590 626 3664 usurpatam,
653 3606 808 3666 nusquam
835 3585 961 3690 inveni}
984 3585 1014 3649 N
1041 3590 1103 3648 276
1130 3588 1291 3670 λεγοίμεθα
1312 3586 1393 3649 illud

264 3683 391 3766 quidem
418 3683 545 3767 legitur,
572 3684 629 3748 sed
656 3685 722 3748 alia
748 3682 980 3765 significatione
1002 3685 1225 3768 „angeremur”
1248 3723 1289 3734 —
1312 3685 1394 3750 Cum

265 3805 340 3860 vero
362 3786 502 3850 formula
518 3787 621 3871 μηκέτι
637 3791 729 3849 ταῦτα
745 3785 905 3868 λεγώμεθα
921 3789 1050 3869 saepius
1067 3789 1191 3852 occurit
1206 3791 1259 3872 (ut
1274 3787 1301 3850 B
1317 3791 1392 3866 435,

265 3885 296 3949 Ν
320 3891 391 3964 292,
413 3889 441 3951 Υ
465 3893 538 3967 ιιι,
560 3913 579 3971 γ
601 3893 674 3965 240,
696 3910 711 3950 ν
735 3890 823 3972 aas),
846 3895 925 3970 puto
942 3889 1081 3972 glossam
1097 3892 1130 3954 in
1147 3892 1307 3974 λεγώμεθα
1324 3911 1393 3955 csse
1460 3899 1465 3908 ·
1540 3871 1541 3882 '

265 3989 465 4053 mutandam.
509 3991 620 4073 Pergit
646 3991 784 4054 lexicon:
813 3991 845 4052 τὸ
873 3990 1013 4069 ,λέξεταίι
1042 3999 1093 4058 etc
1120 3994 1183 4077 (sie
1208 4014 1269 4075 pro
1291 3993 1394 4076 λέΕητε

265 4087 339 4153 vill.
362 4092 379 4152 δ
401 4093 489 4174 413),
511 4099 586 4173 post
607 4091 691 4173 qvod
713 4091 910 4170 addendum
933 4094 995 4156 ἀντὶ
1016 4099 1069 4158 τοῦ
1090 4099 1270 4180 κοιμήσεται,
1286 4116 1393 4177 qvem·

271 4190 444 4255 admodum
482 4213 558 4256 mox
596 4193 727 4256 dieitur:
767 4196 816 4256 καὶ
853 4194 932 4264 λέξον
965 4245 972 4258 .
997 4246 1004 4259 .
1029 4246 1036 4258 .
1064 4198 1127 4260 ἀντὶ
1158 4203 1210 4260 τοῦ
1242 4200 1392 4282 κοίμησον.
