<?xml version="1.0" encoding="UTF-8"?>
<!DOCTYPE html PUBLIC "-//W3C//DTD XHTML 1.0 Transitional//EN"
    "http://www.w3.org/TR/xhtml1/DTD/xhtml1-transitional.dtd">
<html xmlns="http://www.w3.org/1999/xhtml" xml:lang="en" lang="en">
 <head>
  <title>
</title>
<meta http-equiv="Content-Type" content="text/html;charset=utf-8" />
  <meta name='ocr-system' content='tesseract 3.04.00' />
  <meta name='ocr-capabilities' content='ocr_page ocr_carea ocr_par ocr_line ocrx_word'/>
</head>
<body>
  <div class='ocr_page' id='page_1' title='image "./dearistarcholex00forsgoog_0035.png"; bbox 0 0 3098 4874; ppageno 0'>
   <div class='ocr_carea' id='block_1_1' title="bbox 651 1137 953 1237">
    <p class='ocr_par' dir='ltr' id='par_1_1' title="bbox 651 1137 953 1237">
     <span class='ocr_line' id='line_1_1' title="bbox 651 1137 953 1237; baseline 0 -21"><span class='ocrx_word' id='word_1_1' title='bbox 651 1138 765 1237; x_wconf 83' lang='lat' dir='ltr'>(laput</span> <span class='ocrx_word' id='word_1_2' title='bbox 790 1137 953 1237; x_wconf 88' lang='lat' dir='ltr'>primum.</span> 
     </span>
    </p>
   </div>
   <div class='ocr_carea' id='block_1_2' title="bbox 229 1304 1366 3938">
    <p class='ocr_par' dir='ltr' id='par_1_2' title="bbox 230 1304 1366 3221">
     <span class='ocr_line' id='line_1_2' title="bbox 336 1304 1366 1388; baseline 0.002 -19"><span class='ocrx_word' id='word_1_3' title='bbox 336 1305 510 1388; x_wconf 81' lang='lat' dir='ltr'>Sexaginta</span> <span class='ocrx_word' id='word_1_4' title='bbox 537 1305 604 1370; x_wconf 86' lang='lat' dir='ltr'>fore</span> <span class='ocrx_word' id='word_1_5' title='bbox 630 1305 710 1370; x_wconf 90' lang='lat' dir='ltr'>locis</span> <span class='ocrx_word' id='word_1_6' title='bbox 738 1306 946 1370; x_wconf 80' lang='lat' dir='ltr'>Aristarchus</span> <span class='ocrx_word' id='word_1_7' title='bbox 975 1305 1016 1370; x_wconf 91' lang='lat' dir='ltr'>ab</span> <span class='ocrx_word' id='word_1_8' title='bbox 1044 1304 1215 1388; x_wconf 89' lang='lat' dir='ltr'>Apollonio</span> <span class='ocrx_word' id='word_1_9' title='bbox 1237 1306 1366 1371; x_wconf 89' lang='lat' dir='ltr'>nomine</span> 
     </span>
     <span class='ocr_line' id='line_1_3' title="bbox 231 1407 1365 1489; baseline 0.001 -18"><span class='ocrx_word' id='word_1_10' title='bbox 231 1408 323 1472; x_wconf 89' lang='lat' dir='ltr'>testis</span> <span class='ocrx_word' id='word_1_11' title='bbox 346 1410 472 1472; x_wconf 90' lang='lat' dir='ltr'>citatur.</span> <span class='ocrx_word' id='word_1_12' title='bbox 517 1407 560 1472; x_wconf 90' lang='lat' dir='ltr'>Hi</span> <span class='ocrx_word' id='word_1_13' title='bbox 582 1413 690 1472; x_wconf 88' lang='lat' dir='ltr'>autem</span> <span class='ocrx_word' id='word_1_14' title='bbox 712 1408 849 1486; x_wconf 79' lang='lat' dir='ltr'>articuli,</span> <span class='ocrx_word' id='word_1_15' title='bbox 871 1429 967 1489; x_wconf 89' lang='lat' dir='ltr'>qvum</span> <span class='ocrx_word' id='word_1_16' title='bbox 985 1427 1082 1489; x_wconf 85' lang='lat' dir='ltr'>saepe</span> <span class='ocrx_word' id='word_1_17' title='bbox 1097 1407 1170 1488; x_wconf 90' lang='lat' dir='ltr'>ipsa</span> <span class='ocrx_word' id='word_1_18' title='bbox 1186 1407 1365 1472; x_wconf 80' lang='lat' dir='ltr'>Aristarchi</span> 
     </span>
     <span class='ocr_line' id='line_1_4' title="bbox 232 1508 1366 1593; baseline 0 -19"><span class='ocrx_word' id='word_1_19' title='bbox 232 1509 330 1574; x_wconf 88' lang='lat' dir='ltr'>verba</span> <span class='ocrx_word' id='word_1_20' title='bbox 364 1515 395 1576; x_wconf 90' lang='lat' dir='ltr'>et</span> <span class='ocrx_word' id='word_1_21' title='bbox 427 1510 558 1593; x_wconf 91' lang='lat' dir='ltr'>placita,</span> <span class='ocrx_word' id='word_1_22' title='bbox 592 1531 610 1574; x_wconf 90' lang='lat' dir='ltr'>e</span> <span class='ocrx_word' id='word_1_23' title='bbox 638 1510 729 1574; x_wconf 87' lang='lat' dir='ltr'>libris</span> <span class='ocrx_word' id='word_1_24' title='bbox 758 1510 1018 1592; x_wconf 34' lang='lat' dir='ltr'>ejusiexcerpta,</span> <span class='ocrx_word' id='word_1_25' title='bbox 1047 1508 1189 1573; x_wconf 87' lang='lat' dir='ltr'>nondum</span> <span class='ocrx_word' id='word_1_26' title='bbox 1217 1509 1366 1574; x_wconf 89' lang='lat' dir='ltr'>mutilata</span> 
     </span>
     <span class='ocr_line' id='line_1_5' title="bbox 231 1610 1364 1694; baseline 0.002 -20"><span class='ocrx_word' id='word_1_27' title='bbox 231 1612 281 1675; x_wconf 87' lang='lat' dir='ltr'>vel</span> <span class='ocrx_word' id='word_1_28' title='bbox 304 1619 458 1694; x_wconf 91' lang='lat' dir='ltr'>corrupta</span> <span class='ocrx_word' id='word_1_29' title='bbox 480 1613 609 1676; x_wconf 84' lang='lat' dir='ltr'>tradere</span> <span class='ocrx_word' id='word_1_30' title='bbox 631 1612 810 1688; x_wconf 88' lang='lat' dir='ltr'>videantur,</span> <span class='ocrx_word' id='word_1_31' title='bbox 831 1611 998 1676; x_wconf 82' lang='lat' dir='ltr'>ostendere</span> <span class='ocrx_word' id='word_1_32' title='bbox 1015 1610 1108 1675; x_wconf 90' lang='lat' dir='ltr'>nobis</span> <span class='ocrx_word' id='word_1_33' title='bbox 1125 1617 1270 1693; x_wconf 84' lang='lat' dir='ltr'>possunt,</span> <span class='ocrx_word' id='word_1_34' title='bbox 1289 1633 1364 1694; x_wconf 87' lang='lat' dir='ltr'>qva-</span> 
     </span>
     <span class='ocr_line' id='line_1_6' title="bbox 230 1713 1365 1795; baseline 0.001 -20"><span class='ocrx_word' id='word_1_35' title='bbox 230 1713 270 1776; x_wconf 89' lang='lat' dir='ltr'>lis</span> <span class='ocrx_word' id='word_1_36' title='bbox 303 1713 398 1777; x_wconf 88' lang='lat' dir='ltr'>lexici</span> <span class='ocrx_word' id='word_1_37' title='bbox 431 1714 533 1778; x_wconf 90' lang='lat' dir='ltr'>nostri</span> <span class='ocrx_word' id='word_1_38' title='bbox 566 1713 663 1777; x_wconf 88' lang='lat' dir='ltr'>fuerit</span> <span class='ocrx_word' id='word_1_39' title='bbox 695 1715 800 1778; x_wconf 87' lang='lat' dir='ltr'>forma</span> <span class='ocrx_word' id='word_1_40' title='bbox 833 1714 980 1795; x_wconf 84' lang='lat' dir='ltr'>genuina,</span> <span class='ocrx_word' id='word_1_41' title='bbox 1015 1718 1186 1795; x_wconf 78' lang='lat' dir='ltr'>antequam</span> <span class='ocrx_word' id='word_1_42' title='bbox 1219 1713 1260 1777; x_wconf 90' lang='lat' dir='ltr'>ab</span> <span class='ocrx_word' id='word_1_43' title='bbox 1299 1715 1365 1795; x_wconf 90' lang='lat' dir='ltr'>epi-</span> 
     </span>
     <span class='ocr_line' id='line_1_7' title="bbox 231 1815 1364 1896; baseline 0 -18"><span class='ocrx_word' id='word_1_44' title='bbox 231 1815 443 1879; x_wconf 87' lang='lat' dir='ltr'>tomatoribus</span> <span class='ocrx_word' id='word_1_45' title='bbox 472 1815 619 1879; x_wconf 79' lang='lat' dir='ltr'>contrahi</span> <span class='ocrx_word' id='word_1_46' title='bbox 648 1820 680 1880; x_wconf 91' lang='lat' dir='ltr'>et</span> <span class='ocrx_word' id='word_1_47' title='bbox 707 1816 870 1878; x_wconf 92' lang='lat' dir='ltr'>immutari</span> <span class='ocrx_word' id='word_1_48' title='bbox 894 1821 1044 1896; x_wconf 87' lang='lat' dir='ltr'>coeptum</span> <span class='ocrx_word' id='word_1_49' title='bbox 1067 1821 1159 1880; x_wconf 86' lang='lat' dir='ltr'>esset.</span> <span class='ocrx_word' id='word_1_50' title='bbox 1205 1815 1267 1879; x_wconf 90' lang='lat' dir='ltr'>Hic</span> <span class='ocrx_word' id='word_1_51' title='bbox 1289 1836 1364 1880; x_wconf 85' lang='lat' dir='ltr'>vero</span> 
     </span>
     <span class='ocr_line' id='line_1_8' title="bbox 230 1917 1366 2000; baseline 0.003 -20"><span class='ocrx_word' id='word_1_52' title='bbox 230 1919 302 1999; x_wconf 90' lang='lat' dir='ltr'>ipsa</span> <span class='ocrx_word' id='word_1_53' title='bbox 324 1917 503 1982; x_wconf 83' lang='lat' dir='ltr'>Aristarchi</span> <span class='ocrx_word' id='word_1_54' title='bbox 526 1918 647 1999; x_wconf 88' lang='lat' dir='ltr'>scripta</span> <span class='ocrx_word' id='word_1_55' title='bbox 669 1917 710 1981; x_wconf 90' lang='lat' dir='ltr'>ab</span> <span class='ocrx_word' id='word_1_56' title='bbox 727 1917 898 1998; x_wconf 90' lang='lat' dir='ltr'>Apollonio</span> <span class='ocrx_word' id='word_1_57' title='bbox 917 1937 985 1982; x_wconf 87' lang='lat' dir='ltr'>esse</span> <span class='ocrx_word' id='word_1_58' title='bbox 1002 1918 1148 2000; x_wconf 87' lang='lat' dir='ltr'>inspecta</span> <span class='ocrx_word' id='word_1_59' title='bbox 1165 1922 1197 1982; x_wconf 90' lang='lat' dir='ltr'>et</span> <span class='ocrx_word' id='word_1_60' title='bbox 1213 1925 1366 1999; x_wconf 89' lang='lat' dir='ltr'>excerpta</span> 
     </span>
     <span class='ocr_line' id='line_1_9' title="bbox 231 2019 1365 2102; baseline 0.001 -19"><span class='ocrx_word' id='word_1_61' title='bbox 231 2041 304 2083; x_wconf 91' lang='lat' dir='ltr'>cum</span> <span class='ocrx_word' id='word_1_62' title='bbox 331 2040 390 2102; x_wconf 89' lang='lat' dir='ltr'>per</span> <span class='ocrx_word' id='word_1_63' title='bbox 417 2041 451 2084; x_wconf 87' lang='lat' dir='ltr'>se</span> <span class='ocrx_word' id='word_1_64' title='bbox 478 2021 604 2101; x_wconf 92' lang='lat' dir='ltr'>opinari</span> <span class='ocrx_word' id='word_1_65' title='bbox 630 2019 714 2098; x_wconf 90' lang='lat' dir='ltr'>licet,</span> <span class='ocrx_word' id='word_1_66' title='bbox 744 2026 812 2082; x_wconf 91' lang='lat' dir='ltr'>tum</span> <span class='ocrx_word' id='word_1_67' title='bbox 835 2019 921 2084; x_wconf 89' lang='lat' dir='ltr'>clare</span> <span class='ocrx_word' id='word_1_68' title='bbox 943 2020 1077 2102; x_wconf 87' lang='lat' dir='ltr'>patebit,</span> <span class='ocrx_word' id='word_1_69' title='bbox 1102 2021 1297 2101; x_wconf 87' lang='lat' dir='ltr'>comparatis</span> <span class='ocrx_word' id='word_1_70' title='bbox 1320 2021 1365 2084; x_wconf 87' lang='lat' dir='ltr'>eis</span> 
     </span>
     <span class='ocr_line' id='line_1_10' title="bbox 230 2121 1364 2205; baseline 0 -20"><span class='ocrx_word' id='word_1_71' title='bbox 230 2121 319 2199; x_wconf 80' lang='lat' dir='ltr'>Incia,</span> <span class='ocrx_word' id='word_1_72' title='bbox 343 2121 451 2204; x_wconf 85' lang='lat' dir='ltr'>qvales</span> <span class='ocrx_word' id='word_1_73' title='bbox 474 2123 600 2204; x_wconf 83' lang='lat' dir='ltr'>quidem</span> <span class='ocrx_word' id='word_1_74' title='bbox 623 2127 697 2185; x_wconf 91' lang='lat' dir='ltr'>sunt</span> <span class='ocrx_word' id='word_1_75' title='bbox 717 2121 857 2203; x_wconf 89' lang='lat' dir='ltr'>plurimi,</span> <span class='ocrx_word' id='word_1_76' title='bbox 881 2123 936 2186; x_wconf 90' lang='lat' dir='ltr'>ubi</span> <span class='ocrx_word' id='word_1_77' title='bbox 958 2122 1206 2205; x_wconf 82' lang='lat' dir='ltr'>lexicographus</span> <span class='ocrx_word' id='word_1_78' title='bbox 1224 2123 1364 2187; x_wconf 87' lang='lat' dir='ltr'>Aristar·</span> 
     </span>
     <span class='ocr_line' id='line_1_11' title="bbox 233 2223 1364 2306; baseline 0.001 -20"><span class='ocrx_word' id='word_1_79' title='bbox 233 2225 283 2286; x_wconf 91' lang='lat' dir='ltr'>chi</span> <span class='ocrx_word' id='word_1_80' title='bbox 306 2223 391 2287; x_wconf 88' lang='lat' dir='ltr'>illius</span> <span class='ocrx_word' id='word_1_81' title='bbox 414 2224 540 2306; x_wconf 88' lang='lat' dir='ltr'>qvidem</span> <span class='ocrx_word' id='word_1_82' title='bbox 562 2225 716 2306; x_wconf 90' lang='lat' dir='ltr'>proponit</span> <span class='ocrx_word' id='word_1_83' title='bbox 731 2224 916 2302; x_wconf 84' lang='lat' dir='ltr'>sententias,</span> <span class='ocrx_word' id='word_1_84' title='bbox 933 2224 999 2302; x_wconf 89' lang='lat' dir='ltr'>sed,</span> <span class='ocrx_word' id='word_1_85' title='bbox 1016 2225 1155 2306; x_wconf 88' lang='lat' dir='ltr'>genuina</span> <span class='ocrx_word' id='word_1_86' title='bbox 1170 2223 1364 2288; x_wconf 87' lang='lat' dir='ltr'>observatio-</span> 
     </span>
     <span class='ocr_line' id='line_1_12' title="bbox 231 2325 1364 2408; baseline 0.001 -21"><span class='ocrx_word' id='word_1_87' title='bbox 231 2347 308 2387; x_wconf 92' lang='lat' dir='ltr'>num</span> <span class='ocrx_word' id='word_1_88' title='bbox 330 2325 434 2388; x_wconf 86' lang='lat' dir='ltr'>forma</span> <span class='ocrx_word' id='word_1_89' title='bbox 456 2325 603 2408; x_wconf 85' lang='lat' dir='ltr'>neglecta</span> <span class='ocrx_word' id='word_1_90' title='bbox 625 2331 657 2389; x_wconf 89' lang='lat' dir='ltr'>et</span> <span class='ocrx_word' id='word_1_91' title='bbox 677 2327 856 2404; x_wconf 90' lang='lat' dir='ltr'>immutata,</span> <span class='ocrx_word' id='word_1_92' title='bbox 881 2326 961 2390; x_wconf 90' lang='lat' dir='ltr'>adeo</span> <span class='ocrx_word' id='word_1_93' title='bbox 985 2325 1125 2390; x_wconf 84' lang='lat' dir='ltr'>deflexos</span> <span class='ocrx_word' id='word_1_94' title='bbox 1147 2331 1179 2390; x_wconf 88' lang='lat' dir='ltr'>et</span> <span class='ocrx_word' id='word_1_95' title='bbox 1201 2325 1299 2390; x_wconf 88' lang='lat' dir='ltr'>exiles</span> <span class='ocrx_word' id='word_1_96' title='bbox 1315 2325 1364 2391; x_wconf 85' lang='lat' dir='ltr'>vel</span> 
     </span>
     <span class='ocr_line' id='line_1_13' title="bbox 231 2425 1363 2509; baseline 0.002 -21"><span class='ocrx_word' id='word_1_97' title='bbox 231 2427 264 2488; x_wconf 91' lang='lat' dir='ltr'>in</span> <span class='ocrx_word' id='word_1_98' title='bbox 293 2425 520 2508; x_wconf 84' lang='lat' dir='ltr'>glossematum</span> <span class='ocrx_word' id='word_1_99' title='bbox 549 2427 685 2494; x_wconf 90' lang='lat' dir='ltr'>formam</span> <span class='ocrx_word' id='word_1_100' title='bbox 712 2428 870 2505; x_wconf 89' lang='lat' dir='ltr'>redactas,</span> <span class='ocrx_word' id='word_1_101' title='bbox 899 2433 935 2491; x_wconf 88' lang='lat' dir='ltr'>ut</span> <span class='ocrx_word' id='word_1_102' title='bbox 957 2428 1137 2492; x_wconf 89' lang='lat' dir='ltr'>Aristarchi</span> <span class='ocrx_word' id='word_1_103' title='bbox 1160 2448 1194 2491; x_wconf 87' lang='lat' dir='ltr'>se</span> <span class='ocrx_word' id='word_1_104' title='bbox 1216 2426 1363 2509; x_wconf 88' lang='lat' dir='ltr'>profiteri</span> 
     </span>
     <span class='ocr_line' id='line_1_14' title="bbox 232 2528 1362 2613; baseline 0.004 -23"><span class='ocrx_word' id='word_1_105' title='bbox 232 2528 411 2593; x_wconf 84' lang='lat' dir='ltr'>doctrinam</span> <span class='ocrx_word' id='word_1_106' title='bbox 439 2530 508 2611; x_wconf 87' lang='lat' dir='ltr'>ipse</span> <span class='ocrx_word' id='word_1_107' title='bbox 535 2531 685 2612; x_wconf 84' lang='lat' dir='ltr'>ignorare</span> <span class='ocrx_word' id='word_1_108' title='bbox 712 2529 858 2594; x_wconf 87' lang='lat' dir='ltr'>videatur</span> <span class='ocrx_word' id='word_1_109' title='bbox 881 2533 923 2613; x_wconf 90' lang='lat' dir='ltr'>(v.</span> <span class='ocrx_word' id='word_1_110' title='bbox 947 2550 1017 2611; x_wconf 90' lang='lat' dir='ltr'>cap.</span> <span class='ocrx_word' id='word_1_111' title='bbox 1041 2529 1115 2613; x_wconf 90' lang='lat' dir='ltr'>III).</span> <span class='ocrx_word' id='word_1_112' title='bbox 1160 2530 1188 2592; x_wconf 93' lang='lat' dir='ltr'>A</span> <span class='ocrx_word' id='word_1_113' title='bbox 1225 2550 1289 2594; x_wconf 92' lang='lat' dir='ltr'>non</span> <span class='ocrx_word' id='word_1_114' title='bbox 1312 2549 1362 2594; x_wconf 90' lang='lat' dir='ltr'>so·</span> 
     </span>
     <span class='ocr_line' id='line_1_15' title="bbox 230 2629 1362 2713; baseline 0.002 -21"><span class='ocrx_word' id='word_1_115' title='bbox 230 2629 297 2692; x_wconf 88' lang='lat' dir='ltr'>lum</span> <span class='ocrx_word' id='word_1_116' title='bbox 325 2630 400 2711; x_wconf 85' lang='lat' dir='ltr'>qvid</span> <span class='ocrx_word' id='word_1_117' title='bbox 427 2631 615 2696; x_wconf 86' lang='lat' dir='ltr'>Aristarcho</span> <span class='ocrx_word' id='word_1_118' title='bbox 642 2630 802 2712; x_wconf 88' lang='lat' dir='ltr'>placuerit</span> <span class='ocrx_word' id='word_1_119' title='bbox 824 2630 879 2694; x_wconf 90' lang='lat' dir='ltr'>sed</span> <span class='ocrx_word' id='word_1_120' title='bbox 903 2631 1000 2694; x_wconf 86' lang='lat' dir='ltr'>etiam</span> <span class='ocrx_word' id='word_1_121' title='bbox 1022 2630 1271 2713; x_wconf 85' lang='lat' dir='ltr'>lexicographus</span> <span class='ocrx_word' id='word_1_122' title='bbox 1293 2631 1362 2712; x_wconf 89' lang='lat' dir='ltr'>ipse</span> 
     </span>
     <span class='ocr_line' id='line_1_16' title="bbox 231 2731 1363 2815; baseline 0 -19"><span class='ocrx_word' id='word_1_123' title='bbox 231 2731 306 2813; x_wconf 85' lang='lat' dir='ltr'>qvid</span> <span class='ocrx_word' id='word_1_124' title='bbox 328 2732 367 2796; x_wconf 91' lang='lat' dir='ltr'>de</span> <span class='ocrx_word' id='word_1_125' title='bbox 389 2733 522 2815; x_wconf 82' lang='lat' dir='ltr'>singulis</span> <span class='ocrx_word' id='word_1_126' title='bbox 543 2732 623 2798; x_wconf 89' lang='lat' dir='ltr'>locis</span> <span class='ocrx_word' id='word_1_127' title='bbox 645 2753 684 2796; x_wconf 91' lang='lat' dir='ltr'>ac</span> <span class='ocrx_word' id='word_1_128' title='bbox 705 2732 836 2798; x_wconf 86' lang='lat' dir='ltr'>vocibus</span> <span class='ocrx_word' id='word_1_129' title='bbox 859 2732 1056 2813; x_wconf 87' lang='lat' dir='ltr'>explicandis</span> <span class='ocrx_word' id='word_1_130' title='bbox 1078 2733 1223 2810; x_wconf 88' lang='lat' dir='ltr'>senserit,</span> <span class='ocrx_word' id='word_1_131' title='bbox 1246 2733 1280 2795; x_wconf 88' lang='lat' dir='ltr'>in</span> <span class='ocrx_word' id='word_1_132' title='bbox 1302 2733 1363 2796; x_wconf 92' lang='lat' dir='ltr'>hoc</span> 
     </span>
     <span class='ocr_line' id='line_1_17' title="bbox 231 2833 1363 2918; baseline -0.001 -22"><span class='ocrx_word' id='word_1_133' title='bbox 231 2836 336 2916; x_wconf 87' lang='lat' dir='ltr'>capite</span> <span class='ocrx_word' id='word_1_134' title='bbox 359 2835 508 2900; x_wconf 89' lang='lat' dir='ltr'>disertius</span> <span class='ocrx_word' id='word_1_135' title='bbox 530 2836 716 2917; x_wconf 81' lang='lat' dir='ltr'>plerumqve</span> <span class='ocrx_word' id='word_1_136' title='bbox 740 2855 834 2915; x_wconf 88' lang='lat' dir='ltr'>qvam</span> <span class='ocrx_word' id='word_1_137' title='bbox 856 2833 933 2898; x_wconf 91' lang='lat' dir='ltr'>alibi</span> <span class='ocrx_word' id='word_1_138' title='bbox 945 2834 976 2918; x_wconf 88' lang='lat'>*)</span> <span class='ocrx_word' id='word_1_139' title='bbox 999 2835 1170 2899; x_wconf 90' lang='lat' dir='ltr'>indicatur.</span> <span class='ocrx_word' id='word_1_140' title='bbox 1215 2835 1283 2899; x_wconf 89' lang='lat' dir='ltr'>Hos</span> <span class='ocrx_word' id='word_1_141' title='bbox 1304 2834 1363 2916; x_wconf 87' lang='lat' dir='ltr'>igi-</span> 
     </span>
     <span class='ocr_line' id='line_1_18' title="bbox 230 2934 1363 3020; baseline -0.001 -22"><span class='ocrx_word' id='word_1_142' title='bbox 230 2942 283 2998; x_wconf 87' lang='lat' dir='ltr'>tur</span> <span class='ocrx_word' id='word_1_143' title='bbox 312 2937 464 3001; x_wconf 89' lang='lat' dir='ltr'>articulos</span> <span class='ocrx_word' id='word_1_144' title='bbox 494 2937 675 3020; x_wconf 84' lang='lat' dir='ltr'>diligentius</span> <span class='ocrx_word' id='word_1_145' title='bbox 703 2935 887 3000; x_wconf 87' lang='lat' dir='ltr'>recensebo.</span> <span class='ocrx_word' id='word_1_146' title='bbox 918 2973 958 2982; x_wconf 91' lang='lat'><em>-</em></span> <span class='ocrx_word' id='word_1_147' title='bbox 982 2934 1046 3000; x_wconf 87' lang='lat' dir='ltr'>Sed</span> <span class='ocrx_word' id='word_1_148' title='bbox 1069 2942 1101 3000; x_wconf 87' lang='lat' dir='ltr'>ct</span> <span class='ocrx_word' id='word_1_149' title='bbox 1123 2936 1213 3014; x_wconf 89' lang='lat' dir='ltr'>alios,</span> <span class='ocrx_word' id='word_1_150' title='bbox 1237 2936 1264 3000; x_wconf 90' lang='lat' dir='ltr'>si</span> <span class='ocrx_word' id='word_1_151' title='bbox 1287 2934 1363 3017; x_wconf 88' lang='lat' dir='ltr'>qvid</span> 
     </span>
     <span class='ocr_line' id='line_1_19' title="bbox 231 3037 1362 3120; baseline -0.001 -19"><span class='ocrx_word' id='word_1_152' title='bbox 231 3037 272 3101; x_wconf 91' lang='lat' dir='ltr'>ad</span> <span class='ocrx_word' id='word_1_153' title='bbox 295 3037 389 3101; x_wconf 91' lang='lat' dir='ltr'>lexici</span> <span class='ocrx_word' id='word_1_154' title='bbox 412 3039 566 3120; x_wconf 84' lang='lat' dir='ltr'>originem</span> <span class='ocrx_word' id='word_1_155' title='bbox 592 3045 623 3102; x_wconf 90' lang='lat' dir='ltr'>at</span> <span class='ocrx_word' id='word_1_156' title='bbox 641 3038 860 3102; x_wconf 88' lang='lat' dir='ltr'>condicionem</span> <span class='ocrx_word' id='word_1_157' title='bbox 879 3043 1018 3102; x_wconf 86' lang='lat' dir='ltr'>veterem</span> <span class='ocrx_word' id='word_1_158' title='bbox 1037 3037 1290 3102; x_wconf 89' lang='lat' dir='ltr'>collustraudam</span> <span class='ocrx_word' id='word_1_159' title='bbox 1309 3057 1362 3102; x_wconf 89' lang='lat' dir='ltr'>va·</span> 
     </span>
     <span class='ocr_line' id='line_1_20' title="bbox 230 3139 790 3221; baseline 0 -19"><span class='ocrx_word' id='word_1_160' title='bbox 230 3139 306 3217; x_wconf 86' lang='lat' dir='ltr'>lant,</span> <span class='ocrx_word' id='word_1_161' title='bbox 329 3160 389 3221; x_wconf 90' lang='lat' dir='ltr'>pro</span> <span class='ocrx_word' id='word_1_162' title='bbox 412 3161 447 3204; x_wconf 90' lang='lat' dir='ltr'>re</span> <span class='ocrx_word' id='word_1_163' title='bbox 469 3140 609 3204; x_wconf 84' lang='lat' dir='ltr'>breviter</span> <span class='ocrx_word' id='word_1_164' title='bbox 632 3139 790 3204; x_wconf 81' lang='lat' dir='ltr'>tractabo</span> 
     </span>
    </p>

    <p class='ocr_par' dir='ltr' id='par_1_3' title="bbox 229 3239 1362 3938">
     <span class='ocr_line' id='line_1_21' title="bbox 334 3239 1362 3327; baseline -0.001 -25"><span class='ocrx_word' id='word_1_165' title='bbox 334 3241 454 3327; x_wconf 82' lang='grc' dir='ltr'>ἀβίων.</span> <span class='ocrx_word' id='word_1_166' title='bbox 501 3241 702 3323; x_wconf 83' lang='lat' dir='ltr'>Qvantopere</span> <span class='ocrx_word' id='word_1_167' title='bbox 724 3263 834 3306; x_wconf 87' lang='lat' dir='ltr'>versus</span> <span class='ocrx_word' id='word_1_168' title='bbox 857 3240 884 3305; x_wconf 96' lang='lat' dir='ltr'>N</span> <span class='ocrx_word' id='word_1_169' title='bbox 909 3246 927 3304; x_wconf 87' lang='grc'><strong>6</strong></span> <span class='ocrx_word' id='word_1_170' title='bbox 950 3242 1079 3324; x_wconf 84' lang='lat' dir='ltr'>ingenia</span> <span class='ocrx_word' id='word_1_171' title='bbox 1100 3245 1243 3305; x_wconf 89' lang='lat' dir='ltr'>veterum</span> <span class='ocrx_word' id='word_1_172' title='bbox 1264 3239 1362 3302; x_wconf 87' lang='lat' dir='ltr'>inter-</span> 
     </span>
     <span class='ocr_line' id='line_1_22' title="bbox 229 3339 1362 3426; baseline -0.004 -20"><span class='ocrx_word' id='word_1_173' title='bbox 229 3348 358 3424; x_wconf 88' lang='lat' dir='ltr'>pretum</span> <span class='ocrx_word' id='word_1_174' title='bbox 381 3344 569 3421; x_wconf 90' lang='lat' dir='ltr'>exercuerit,</span> <span class='ocrx_word' id='word_1_175' title='bbox 594 3364 611 3406; x_wconf 91' lang='lat' dir='ltr'>e</span> <span class='ocrx_word' id='word_1_176' title='bbox 632 3343 730 3426; x_wconf 87' lang='lat' dir='ltr'>longa</span> <span class='ocrx_word' id='word_1_177' title='bbox 746 3344 1048 3426; x_wconf 86' lang='lat' dir='ltr'>interpretationum</span> <span class='ocrx_word' id='word_1_178' title='bbox 1065 3342 1156 3420; x_wconf 88' lang='lat' dir='ltr'>serie,</span> <span class='ocrx_word' id='word_1_179' title='bbox 1174 3361 1268 3422; x_wconf 86' lang='lat' dir='ltr'>qvam</span> <span class='ocrx_word' id='word_1_180' title='bbox 1284 3339 1362 3404; x_wconf 85' lang='lat' dir='ltr'>lexi-</span> 
     </span>
     <span class='ocr_line' id='line_1_23' title="bbox 231 3441 1361 3528; baseline -0.004 -20"><span class='ocrx_word' id='word_1_181' title='bbox 231 3466 291 3510; x_wconf 91' lang='lat' dir='ltr'>con</span> <span class='ocrx_word' id='word_1_182' title='bbox 313 3447 374 3527; x_wconf 90' lang='lat' dir='ltr'>Ap.</span> <span class='ocrx_word' id='word_1_183' title='bbox 399 3446 536 3523; x_wconf 83' lang='lat' dir='ltr'>exhibet,</span> <span class='ocrx_word' id='word_1_184' title='bbox 560 3454 705 3528; x_wconf 87' lang='lat' dir='ltr'>apparet.</span> <span class='ocrx_word' id='word_1_185' title='bbox 745 3446 892 3522; x_wconf 81' lang='lat' dir='ltr'>Qvaestio</span> <span class='ocrx_word' id='word_1_186' title='bbox 909 3445 993 3510; x_wconf 90' lang='lat' dir='ltr'>enim</span> <span class='ocrx_word' id='word_1_187' title='bbox 1008 3444 1078 3522; x_wconf 87' lang='lat' dir='ltr'>fuit,</span> <span class='ocrx_word' id='word_1_188' title='bbox 1095 3450 1204 3508; x_wconf 92' lang='lat' dir='ltr'>utrum</span> <span class='ocrx_word' id='word_1_189' title='bbox 1221 3441 1361 3507; x_wconf 91' lang='lat' dir='ltr'>scriben-</span> 
     </span>
     <span class='ocr_line' id='line_1_24' title="bbox 231 3546 1361 3636; baseline -0.004 -26"><span class='ocrx_word' id='word_1_190' title='bbox 231 3547 307 3610; x_wconf 92' lang='lat' dir='ltr'>dum</span> <span class='ocrx_word' id='word_1_191' title='bbox 340 3555 423 3610; x_wconf 87' lang='lat' dir='ltr'>esset</span> <span class='ocrx_word' id='word_1_192' title='bbox 450 3550 661 3633; x_wconf 73' lang='grc' dir='ltr'>γλακτοφάγων</span> <span class='ocrx_word' id='word_1_193' title='bbox 691 3547 797 3636; x_wconf 84' lang='grc' dir='ltr'>Ἀβίων</span> <span class='ocrx_word' id='word_1_194' title='bbox 827 3572 869 3625; x_wconf 85' lang='grc' dir='ltr'>τε,</span> <span class='ocrx_word' id='word_1_195' title='bbox 898 3548 1086 3610; x_wconf 82' lang='grc' dir='ltr'>δικαιοτάτων</span> <span class='ocrx_word' id='word_1_196' title='bbox 1115 3546 1291 3630; x_wconf 65' lang='grc' dir='ltr'>ἀνθρώπων,</span> <span class='ocrx_word' id='word_1_197' title='bbox 1320 3564 1361 3608; x_wconf 90' lang='lat' dir='ltr'>an</span> 
     </span>
     <span class='ocr_line' id='line_1_25' title="bbox 230 3645 1362 3736; baseline -0.004 -24"><span class='ocrx_word' id='word_1_198' title='bbox 230 3653 341 3731; x_wconf 78' lang='grc' dir='ltr'>γλακτ,</span> <span class='ocrx_word' id='word_1_199' title='bbox 364 3651 454 3736; x_wconf 85' lang='grc' dir='ltr'>ἀβίων</span> <span class='ocrx_word' id='word_1_200' title='bbox 475 3673 517 3727; x_wconf 87' lang='grc' dir='ltr'>τε,</span> <span class='ocrx_word' id='word_1_201' title='bbox 541 3652 728 3714; x_wconf 82' lang='grc' dir='ltr'>δικαιοτάτων</span> <span class='ocrx_word' id='word_1_202' title='bbox 752 3651 775 3714; x_wconf 84' lang='grc' dir='ltr'>τ’</span> <span class='ocrx_word' id='word_1_203' title='bbox 801 3651 977 3733; x_wconf 74' lang='grc' dir='ltr'>ἀνθρώπων.</span> <span class='ocrx_word' id='word_1_204' title='bbox 1012 3648 1070 3726; x_wconf 79' lang='lat' dir='ltr'>Qvi</span> <span class='ocrx_word' id='word_1_205' title='bbox 1093 3647 1177 3712; x_wconf 87' lang='lat' dir='ltr'>enim</span> <span class='ocrx_word' id='word_1_206' title='bbox 1201 3668 1273 3711; x_wconf 90' lang='lat' dir='ltr'>cum</span> <span class='ocrx_word' id='word_1_207' title='bbox 1289 3645 1362 3708; x_wconf 84' lang='lat' dir='ltr'>Ari-</span> 
     </span>
     <span class='ocr_line' id='line_1_26' title="bbox 231 3747 1361 3837; baseline -0.004 -23"><span class='ocrx_word' id='word_1_208' title='bbox 231 3753 361 3817; x_wconf 86' lang='lat' dir='ltr'>starcho</span> <span class='ocrx_word' id='word_1_209' title='bbox 384 3753 521 3817; x_wconf 89' lang='lat' dir='ltr'>alterum</span> <span class='ocrx_word' id='word_1_210' title='bbox 544 3777 575 3816; x_wconf 84' lang='grc' dir='ltr'>τε</span> <span class='ocrx_word' id='word_1_211' title='bbox 598 3755 783 3830; x_wconf 88' lang='lat' dir='ltr'>omiserunt,</span> <span class='ocrx_word' id='word_1_212' title='bbox 806 3751 915 3837; x_wconf 84' lang='grc' dir='ltr'>Ἀβίων</span> <span class='ocrx_word' id='word_1_213' title='bbox 938 3772 999 3833; x_wconf 89' lang='lat' dir='ltr'>pro</span> <span class='ocrx_word' id='word_1_214' title='bbox 1022 3750 1126 3833; x_wconf 85' lang='lat' dir='ltr'>gentis</span> <span class='ocrx_word' id='word_1_215' title='bbox 1148 3748 1286 3826; x_wconf 90' lang='lat' dir='ltr'>nomine,</span> <span class='ocrx_word' id='word_1_216' title='bbox 1310 3747 1361 3810; x_wconf 91' lang='lat' dir='ltr'>cui</span> 
     </span>
     <span class='ocr_line' id='line_1_27' title="bbox 231 3849 1360 3938; baseline -0.004 -23"><span class='ocrx_word' id='word_1_217' title='bbox 231 3857 372 3938; x_wconf 69' lang='grc' dir='ltr'>γλακτοφ.</span> <span class='ocrx_word' id='word_1_218' title='bbox 402 3861 434 3919; x_wconf 89' lang='lat' dir='ltr'>et</span> <span class='ocrx_word' id='word_1_219' title='bbox 462 3857 580 3919; x_wconf 82' lang='grc' dir='ltr'>δικαιοτ.</span> <span class='ocrx_word' id='word_1_220' title='bbox 611 3856 768 3922; x_wconf 88' lang='lat' dir='ltr'>attributa</span> <span class='ocrx_word' id='word_1_221' title='bbox 797 3860 911 3932; x_wconf 89' lang='lat' dir='ltr'>essent,</span> <span class='ocrx_word' id='word_1_222' title='bbox 939 3873 1069 3917; x_wconf 89' lang='lat' dir='ltr'>necesse</span> <span class='ocrx_word' id='word_1_223' title='bbox 1091 3857 1139 3916; x_wconf 88' lang='lat' dir='ltr'>est</span> <span class='ocrx_word' id='word_1_224' title='bbox 1161 3849 1360 3932; x_wconf 86' lang='lat' dir='ltr'>acceperint:</span> 
     </span>
    </p>
   </div>
   <div class='ocr_carea' id='block_1_3' title="bbox 229 4018 1362 4264">
    <p class='ocr_par' dir='ltr' id='par_1_4' title="bbox 229 4018 1362 4264">
     <span class='ocr_line' id='line_1_28' title="bbox 333 4018 1362 4094; baseline -0.004 -20"><span class='ocrx_word' id='word_1_225' title='bbox 333 4024 360 4088; x_wconf 72' lang='lat' dir='ltr'>*l</span> <span class='ocrx_word' id='word_1_226' title='bbox 373 4023 447 4075; x_wconf 87' lang='lat' dir='ltr'>Alibi</span> <span class='ocrx_word' id='word_1_227' title='bbox 470 4025 547 4093; x_wconf 87' lang='lat' dir='ltr'>enim,</span> <span class='ocrx_word' id='word_1_228' title='bbox 571 4025 635 4093; x_wconf 88' lang='lat' dir='ltr'>qvid</span> <span class='ocrx_word' id='word_1_229' title='bbox 653 4026 710 4094; x_wconf 89' lang='lat' dir='ltr'>ipse</span> <span class='ocrx_word' id='word_1_230' title='bbox 728 4024 849 4092; x_wconf 89' lang='lat' dir='ltr'>senserit,</span> <span class='ocrx_word' id='word_1_231' title='bbox 868 4038 978 4092; x_wconf 78' lang='lat' dir='ltr'>quamve</span> <span class='ocrx_word' id='word_1_232' title='bbox 996 4021 1200 4090; x_wconf 87' lang='lat' dir='ltr'>explicationem</span> <span class='ocrx_word' id='word_1_233' title='bbox 1217 4018 1362 4088; x_wconf 85' lang='lat' dir='ltr'>praeferat,</span> 
     </span>
     <span class='ocr_line' id='line_1_29' title="bbox 229 4103 1360 4175; baseline -0.005 -16"><span class='ocrx_word' id='word_1_234' title='bbox 229 4107 352 4175; x_wconf 84' lang='lat' dir='ltr'>lexicogr.</span> <span class='ocrx_word' id='word_1_235' title='bbox 370 4107 487 4161; x_wconf 86' lang='lat' dir='ltr'>breviter</span> <span class='ocrx_word' id='word_1_236' title='bbox 504 4113 610 4162; x_wconf 88' lang='lat' dir='ltr'>tantum</span> <span class='ocrx_word' id='word_1_237' title='bbox 628 4109 671 4162; x_wconf 89' lang='lat' dir='ltr'>his</span> <span class='ocrx_word' id='word_1_238' title='bbox 689 4109 732 4162; x_wconf 92' lang='lat' dir='ltr'>vel</span> <span class='ocrx_word' id='word_1_239' title='bbox 749 4108 884 4174; x_wconf 84' lang='lat' dir='ltr'>similibus</span> <span class='ocrx_word' id='word_1_240' title='bbox 900 4106 1014 4160; x_wconf 88' lang='lat' dir='ltr'>indicat:</span> <span class='ocrx_word' id='word_1_241' title='bbox 1032 4113 1126 4174; x_wconf 81' lang='grc' dir='ltr'>κακῶς,</span> <span class='ocrx_word' id='word_1_242' title='bbox 1146 4105 1241 4175; x_wconf 82' lang='grc' dir='ltr'>βέλτιον</span> <span class='ocrx_word' id='word_1_243' title='bbox 1260 4103 1294 4172; x_wconf 80' lang='grc' dir='ltr'>δὲ,</span> <span class='ocrx_word' id='word_1_244' title='bbox 1314 4103 1360 4154; x_wconf 74' lang='grc' dir='ltr'>οὐκ</span> 
     </span>
     <span class='ocr_line' id='line_1_30' title="bbox 230 4191 1049 4264; baseline 0 -20"><span class='ocrx_word' id='word_1_245' title='bbox 230 4191 366 4261; x_wconf 75' lang='grc' dir='ltr'>ἀπιθάνως,</span> <span class='ocrx_word' id='word_1_246' title='bbox 383 4195 452 4262; x_wconf 84' lang='grc' dir='ltr'>τάχα</span> <span class='ocrx_word' id='word_1_247' title='bbox 469 4196 528 4258; x_wconf 86' lang='lat' dir='ltr'>etc.;</span> <span class='ocrx_word' id='word_1_248' title='bbox 545 4194 590 4248; x_wconf 89' lang='lat' dir='ltr'>hic</span> <span class='ocrx_word' id='word_1_249' title='bbox 608 4210 668 4249; x_wconf 84' lang='lat' dir='ltr'>vero</span> <span class='ocrx_word' id='word_1_250' title='bbox 685 4195 838 4264; x_wconf 71' lang='lat' dir='ltr'>plerumque</span> <span class='ocrx_word' id='word_1_251' title='bbox 856 4192 981 4248; x_wconf 89' lang='lat' dir='ltr'>disertior</span> <span class='ocrx_word' id='word_1_252' title='bbox 1000 4193 1049 4246; x_wconf 89' lang='lat' dir='ltr'>est.</span> 
     </span>
    </p>
   </div>
   <div class='ocr_carea' id='block_1_4' title="bbox 0 0 1554 4874">
    <p class='ocr_par' dir='ltr' id='par_1_5' title="bbox 0 0 1554 4874">
     <span class='ocr_line' id='line_1_31' title="bbox 0 0 1554 4874; baseline 0 0"><span class='ocrx_word' id='word_1_253' title='bbox 0 0 1554 4874; x_wconf 95' lang='lat' dir='ltr'> </span> 
     </span>
    </p>
   </div>
  </div>
 </body>
</html>
