3108 4870
1182 437 1243 498 115

174 627 302 715 [κρίφιοι
322 627 410 692 τόποι.
427 625 499 692 add.
521 625 621 710 Hes.].
645 625 712 690 ὅταν
735 623 785 688 οὖν
807 623 879 708 λέηη
903 625 1059 705 »πάντοθεν
1083 624 1115 687 ἐκ
1135 624 1288 708 κευδμῶν“

174 731 217 815 (N
240 733 305 816 28),
328 732 402 796 κατὰ
423 733 570 816 συγκοπην
594 730 651 793 ἀπὸ
672 733 728 793 τῶν
741 727 913 814 κευθμίνοιν
928 727 1014 812 λέγει
1047 727 1137 793 Haeo
1153 727 1288 806 affectio,

174 854 235 917 qva
262 835 358 898 otiam
380 834 454 900 Hes.
479 841 617 900 ceterum
642 833 810 899 concinens
832 837 929 910 caret,
952 832 1028 896 Arte
1050 853 1112 896 non
1135 831 1195 896 fuit
1214 853 1289 914 pro·

173 935 260 1014 bata,
278 937 330 1019 qvi
348 936 506 1020 duplicem
522 937 629 1020 posuit
644 936 871 1002 nominativum
888 935 1025 1020 κευθμών
1044 937 1073 1020 (ν
1091 937 1161 1000 367.
1178 959 1196 998 κ
1214 937 1289 1020 283)

174 1045 207 1104 st
227 1039 355 1125 κευθμδς
377 1039 420 1122 (N
443 1039 508 1125 28).
552 1039 589 1104 V.
613 1039 678 1104 sch.
700 1038 740 1103 N.
764 1041 813 1102 28.
857 1037 965 1102 Loxioi
980 1037 1069 1102 locus
1083 1043 1189 1103 autem
1204 1037 1291 1102 haud

176 1140 309 1206 multum
338 1140 445 1208 differt
466 1163 486 1208 a
507 1141 617 1208 scholl.
640 1140 871 1207 recentioribus
893 1139 934 1206 ad
956 1163 970 1204 ν
994 1143 1054 1206 367
1078 1139 1114 1218 Q.
1137 1145 1169 1206 et
1190 1165 1207 1204 κ
1230 1143 1290 1206 283

276 1347 421 1432 κτιδέην
449 1349 521 1416 τινὲς
542 1347 738 1432 πλανηθέντες
759 1345 858 1416 ἔδοξαν
881 1346 951 1410 εἶναι
974 1346 1109 1431 [ἰκτιδέην
1132 1345 1229 1432 addo]
1252 1352 1293 1417 ὡς

177 1450 231 1536 [ἐξ]
262 1451 363 1519 ἰκτιδυς
381 1447 540 1536 δέρματος·
571 1451 587 1514 ὁ
615 1451 647 1514 δὲ
673 1452 797 1536 ποιητὴς
824 1451 950 1514 διδάσκει
972 1451 1015 1514 ὅτι
1036 1451 1095 1514 ἐστὶ
1115 1450 1221 1535 κτιδέη
1235 1455 1292 1529 (so.

176 1554 209 1616 in
236 1552 265 1615 Κ
293 1555 381 1638 458).
411 1554 470 1622 κτὶς
497 1554 552 1638 ηοίρ
581 1553 641 1618 ἐστι
666 1554 699 1618 τὸ
722 1557 797 1640 ζῷον
819 1553 917 1639 ὅμοιον
939 1557 1017 1638 γαλῇ
1043 1555 1129 1638 μικρᾷ
1150 1554 1212 1638 (sic
1232 1575 1292 1636 pro

179 1657 270 1742 μικρῷ
298 1655 424 1740 1.)κτλι
461 1656 499 1720 In
521 1656 667 1722 omnibus
691 1655 827 1734 scholiis,
850 1656 892 1721 ad
915 1655 1163 1722 confirmandam
1184 1656 1293 1722 lectio·

177 1779 249 1822 nem
271 1757 384 1841 κτιδέην
406 1759 438 1824 in
460 1759 490 1824 K
514 1763 574 1824 335
598 1764 710 1824 contra
732 1759 864 1844 ίκτιδίην,
887 1759 929 1825 ed
950 1760 980 1824 Κ
1003 1763 1064 1824 458
1087 1765 1292 1844 provocatur:

179 1865 246 1942 „rot
278 1860 303 1924 δ’
332 1862 389 1926 ἀπὸ
418 1863 468 1948 μὲν
496 1861 639 1948 κτιδέην.
664 1912 671 1926 .
696 1868 719 1942 ;¹‘
748 1862 859 1928 codem
886 1863 982 1928 etiam
1009 1862 1133 1928 lexicon
1160 1868 1293 1945 spectat.

179 1964 324 2042 Quamvis
351 1965 450 2048 igitur
477 1964 673 2032 delectione
696 1965 895 2042 consentiant
916 1964 1104 2048 Apollonius
1127 1965 1294 2030 etscholi·

177 2077 271 2146 astes,
300 2068 339 2134 do
365 2069 451 2134 vocis
474 2069 595 2152 origine
616 2069 700 2134 inter
721 2089 755 2134 se
778 2068 969 2152 discrepant.
1012 2067 1095 2132 Nam
1117 2069 1147 2132 Κ
1169 2071 1230 2132 335
1254 2105 1293 2118 -

178 2209 219 2220 -
242 2175 327 2236 τοῦτο
350 2171 409 2256 (sc.
434 2171 558 2256 κτιδέην)
582 2173 614 2236 δὲ
635 2170 696 2236 κατ’
721 2172 869 2257 ἀφαίρεσιν
892 2176 944 2236 τοῦ
967 2195 976 2235 ι
997 2170 1110 2255 λέγεται
1132 2220 1140 2235 .
1164 2221 1171 2235 .
1196 2221 1203 2236 .
1228 2173 1295 2240 trel<

177 2276 234 2359 ηοὶρ
262 2275 334 2338 ἐστίν
362 2278 403 2343 ὡς
430 2273 589 2361 Νίκανδρός
615 2295 700 2361 φησιν
731 2275 886 2362 (Ἠιοτίαο.
918 2276 991 2357 196)
1016 2323 1023 2338 .
1048 2274 1186 2360 ,τὸγὰρ
1211 2299 1296 2360 μονο-

179 2378 322 2464 σύλλαβον
345 2377 380 2441 οὐ
402 2378 520 2443 δύναται
541 2376 603 2442 κατ’
627 2377 737 2444 ἔκτασιν
761 2378 829 2442 οὐδὲ
850 2377 924 2444 κατὰ
940 2380 1081 2464 συστολὴν
1097 2379 1252 2462 λέγεσθαι.
1265 2425 1295 2444 ..

180 2481 247 2551 ἰκτὶς
274 2481 307 2546 δέ
334 2483 393 2546 ἐστὶ
414 2485 489 2569 ζῷον
512 2483 703 2569 δρνιθοφοίηον
726 2530 734 2547 .
757 2529 766 2548 .
790 2486 885 2568 μεῖζον
909 2483 959 2568 μὲν
981 2487 1074 2568 γαλῆς
1094 2485 1154 2547 κτλ.
1199 2483 1297 2566 Apol-

180 2583 283 2650 lonius
305 2590 411 2650 temen
434 2585 552 2650 rectius
575 2585 692 2652 dixisse
713 2585 847 2652 ridetur.
892 2585 1020 2650 Curtius
1040 2585 1091 2650 Et.
1115 2586 1215 2650 ⁵721.
1235 2589 1295 2650 723

179 2687 354 2770 principem
377 2689 468 2771 ponit
488 2687 624 2754 formam
646 2690 705 2758 κτίς
727 2694 759 2754 et
779 2688 881 2754 vocali
897 2688 1076 2771 prothetios
1093 2687 1202 2753 addita
1218 2686 1295 2757 ἴκτιτ.

282 2789 446 2878 Παιήονα
468 2791 539 2856 ποτὲ
562 2791 613 2875 μὲν
634 2792 683 2870 τὸν
705 2791 861 2876 λεγόμενον
883 2795 1001 2870 παιᾶνα,
1024 2790 1112 2875 ὕμνον
1135 2791 1176 2859 εἰς
1191 2789 1297 2854 Ἀπόλ-

181 2895 261 2956 λωνα
283 2893 330 2956 ἐπὶ
351 2895 523 2980 παραιτήσει
544 2898 652 2979 λοιμῶν
675 2895 694 2979 ἢ
718 2895 857 2958 ατοίσειυν·
880 2895 951 2958 ποτὲ
972 2894 1005 2958 δὲ
1019 2894 1125 2979 κυρίως
1140 2893 1209 2958 θεόν
1226 2917 1297 2964 τινα,

182 2995 213 3059 δν
246 2996 405 3081 συνίστησιν
438 2998 533 3082 ἰατρὸν
567 3002 623 3062 τῶν
655 2997 743 3062 θεῶν.
771 2997 799 3062 Ε
826 3001 898 3062 401.
944 2995 1032 3074 Qvod
1059 2998 1114 3062 Ar.
1142 3003 1299 3062 statuerat

181 3097 359 3181 Apollinem
382 3119 402 3164 a
422 3099 567 3166 Paecone
589 3100 720 3166 deorum
742 3100 865 3168 medico
887 3099 1043 3165 diversum
1066 3121 1135 3166 esse
1156 3105 1189 3166 et
1209 3099 1297 3164 illum

182 3223 233 3285 ap.
266 3201 359 3266 Hom.
391 3201 507 3268 medici
538 3203 659 3270 vicibus
691 3203 831 3270 nondum
863 3203 962 3287 iungi,
994 3203 1029 3268 id
1054 3202 1299 3287 lexicographus

181 3305 277 3388 plane
298 3305 423 3388 qvidem
448 3313 480 3371 et
502 3305 619 3372 diserte
641 3328 705 3372 non
728 3306 819 3386 dicit;
846 3307 942 3372 immo
959 3307 1011 3388 qvi
1027 3305 1142 3388 Apollo
1160 3307 1300 3372 carmine

183 3417 294 3478 orstnr
317 3417 351 3478 ut
372 3415 493 3494 pestem
517 3415 650 3488 avertat,
672 3411 700 3474 is
721 3409 808 3474 haud
830 3409 924 3492 longo
946 3429 966 3474 a
987 3408 1110 3474 medico
1128 3408 1239 3474 abesse
1255 3409 1299 3472 ri·

184 3511 284 3578 detur.
328 3515 372 3580 At
393 3512 563 3578 Homerico
583 3532 705 3595 paeane
727 3531 791 3580 non
814 3517 953 3596 aguntur
974 3532 1095 3594 preces,
1118 3510 1175 3576 sed
1196 3532 1298 3594 paean

184 3620 232 3678 est
253 3636 389 3695 carmen,
413 3637 474 3700 qvo
495 3617 608 3681 heroos
632 3614 691 3680 deo
714 3615 812 3682 cnivis
835 3617 949 3698 (neqve
970 3614 1029 3680 soli
1052 3615 1205 3697 Apollini)
1232 3615 1299 3679 lau-

184 3715 240 3782 des
272 3723 438 3801 gratesque
471 3725 571 3802 agunt
603 3738 662 3801 pro
695 3715 800 3800 aliqvo
833 3717 987 3784 beneficio
1015 3723 1188 3800 praestato,
1215 3738 1242 3780 ν.
1272 3737 1299 3780 ο.

185 3821 212 3884 Α
240 3824 301 3884 473
324 3841 383 3902 pro
405 3828 493 3904 peste
515 3821 678 3904 propulsa,
701 3820 731 3884 X
754 3824 811 3886 391
838 3841 897 3903 pro
918 3818 1056 3884 Hectore
1078 3819 1192 3884 occiso.
1235 3818 1302 3884 Ali·

184 3941 278 3986 enum
311 3923 409 4006 igitur
440 3922 519 3988 illud
552 3923 599 3988 έπὶ
625 3925 798 4008 παραιτήσει
824 3926 942 4007 λοιμῶν.
987 3923 1035 3986 Ac
1061 3928 1148 3986 recto
1176 3922 1300 4006 qvidem

184 4023 321 4092 Aristus
354 4025 407 4088 hic
438 4031 565 4106 poetam
592 4025 762 4104 intellexit;
789 4047 817 4088 ν.
846 4024 955 4090 scholl.
982 4026 1011 4088 A
1038 4028 1109 4089 473.
1138 4024 1166 4088 D
1189 4027 1261 4092 898.
1285 4027 1301 4090 δ

185 4129 291 4212 232.*)
335 4129 379 4192 At
405 4128 497 4193 lexici
522 4129 744 4212 interpretatio
762 4128 831 4212 jam
854 4129 955 4212 magis
976 4127 1109 4194 inclinet
1130 4129 1171 4194 ad
1193 4149 1301 4194 recen·

285 4283 311 4348 *l
323 4281 452 4345 Errorem,
467 4283 511 4351 qvi
526 4281 558 4337 de
572 4282 720 4336 Aristarchi
735 4282 868 4336 sententia
881 4285 922 4336 est
935 4282 962 4335 in
977 4282 990 4334 δ
1003 4283 1052 4338 231
1063 4281 1126 4345 τοο,
1135 4281 1171 4334 Μ.
1183 4281 1303 4336 Schmid-

185 4368 239 4421 tius
252 4368 316 4422 milri
331 4369 429 4438 optime
443 4368 586 4438 explicasse
600 4367 705 4422 videtur
718 4368 745 4421 in
760 4367 867 4438 Didymi
881 4367 1011 4436 uragmm.
1027 4384 1044 4437 p
1060 4371 1116 4424 192.
1146 4367 1185 4421 Cf.
1202 4368 1301 4422 Amsis-

186 4457 285 4508 Hentze
302 4454 371 4509 Aah.
390 4471 411 4508 a.
429 4454 506 4510 Hom.
525 4453 575 4509 Od.
593 4455 620 4508 h.
638 4455 657 4508 l.

1529 548 1531 620 l
