3098 4874
330 320 371 380 34

285 503 562 590 terpungendum.]
596 505 612 568 ὁ
646 504 768 588 ρὲνἊ
770 507 839 591 ρίστ.
868 507 1024 572 ἀδετεῖτό
993 529 1040 572 τν
1068 507 1164 592 στίχον
1192 509 1316 592 (γελοῖον
1344 509 1403 594 γάρ

284 627 369 692 φησιν
392 605 510 692 ἔρεισμα
532 611 588 670 τῶν
612 607 722 672 ὀδυνῶν
744 529 929 694 λε’ργεσδαι
911 631 1026 675 επαινον
1048 611 1103 696 γὰρ
1126 609 1179 674 οόκ
1200 607 1263 695 ἔχει
1283 634 1335 674 τοο
1320 613 1401 675 δυ·

281 709 407 794 ναμένοο
430 711 463 774 ὀδ
448 712 595 797 δονῆσαι),
618 711 634 774 δ
656 712 689 774 δὲ
710 710 848 782 Σιδώνιος
870 713 988 799 βοηδῶν
1011 715 1052 800 τῷ
1075 712 1224 799 λεγομένῳ
1247 713 1347 777 ἀκούει
1367 715 1399 777 τδ

282 812 390 897 ἐρεῖδον
412 814 484 898 πρὸς
506 813 557 881 τὰς
578 813 691 882 ὀδύνας.
735 815 821 879 Αι.
812 822 871 899 igit
848 815 995 902 'turtpp'
1020 817 1063 880 ὀδ.
1038 819 1146 900 δριο
1168 815 1287 902 ἔρεισμα
1309 837 1398 882 acce·

279 917 335 998 pit.
381 915 461 994 Qvid
487 937 562 981 vero
590 922 638 981 est
665 915 805 1002 ἔρεισμαλ
837 918 875 984 In
902 919 992 984 initio
1021 926 1073 984 art
1059 919 1148 984 ticuli
1175 918 1267 1002 Apol.
1295 919 1399 984 fulcra

278 1019 327 1083 vel
350 1019 611 1084 adminicula't
562 1041 596 1084 ιιι
597 1019 718 1104 allegi
720 1069 727 1099 ,
749 1020 891 1104 quibus
882 1042 915 1086 m
937 1022 973 1086 lit
960 1027 1044 1088 ttore
1065 1026 1186 1086 stantes
1203 1021 1400 1086 sustinentur

277 1143 388 1201 naves3
423 1123 474 1186 cui
506 1122 681 1188 sententiae
708 1124 930 1190 convenienter
961 1125 992 1188 h.
1024 1123 1045 1188 l.
1076 1123 1186 1188 debuit
1212 1123 1398 1206 intellegere

277 1225 413 1290 fulcrum
435 1223 485 1290 vel
506 1223 734 1290 adminiculum
757 1225 912 1304 dolorum,
931 1247 992 1310 qvo
1009 1227 1042 1289 hi
1058 1226 1196 1290 nitentes
1212 1227 1296 1290 iuter
1312 1247 1398 1291 mor-

277 1327 357 1393 tales
379 1327 522 1394 volitant.
566 1327 676 1411 Neqve
697 1328 778 1393 haec
800 1327 969 1411 explicatio
985 1329 1109 1394 ratione
1126 1333 1214 1393 caret
1231 1334 1262 1392 et
1279 1349 1299 1392 a
1315 1329 1399 1394 mul·

275 1431 316 1496 tis
343 1436 476 1514 accepta
503 1435 566 1510 est3
579 1431 609 1512 *)
638 1436 789 1520 attamen,
816 1431 843 1496 si
865 1432 1044 1498 Aristonico
1065 1429 1145 1496 fides
1166 1429 1315 1496 habenda
1337 1438 1397 1510 est,

273 1555 405 1617 prorsus
428 1533 492 1599 alia
513 1533 573 1598 fuit
594 1534 773 1600 Aristarchi
796 1534 912 1617 opinio.
956 1533 1061 1601 Schol.
1084 1534 1108 1598 Δ
1132 1539 1192 1597 117
1215 1533 1277 1599 duo
1300 1555 1396 1618 argu·

273 1643 380 1702 menta
411 1637 572 1718 proponit,
606 1658 740 1719 qvorum
766 1637 912 1716 alterum,
939 1637 1019 1701 illud
1047 1637 1086 1701 de
1113 1637 1216 1723 ἀβλής,
1243 1637 1397 1704 Lehrsius

273 1739 487 1805 Aristonicum
519 1744 613 1820 putat
640 1738 679 1803 de
705 1759 763 1804 suo
791 1738 952 1805 addidisse
980 1741 1048 1822 (Ar.
1078 1741 1145 1824 63),
1172 1740 1219 1805 alt
1205 1745 1310 1805 terum
1333 1741 1395 1806 hoc

272 1847 335 1907 est:
306 1842 543 1906 ὀάδετεῖται.
567 1841 642 1906 ,ὀτι
663 1840 710 1904 διὰ
731 1844 764 1905 τό
787 1846 867 1925 ,,.μελ
890 1842 1017 1928 ἔρμ’δ
984 1844 1044 1906 dd.“
1082 1843 1139 1927 οὐχ
1161 1843 1177 1906 ὃ
1200 1843 1322 1907 δέλειλ
1305 1843 1392 1927 λέγει

271 1943 390 2028 ἔγρμα
391 1944 509 2030 alpach
525 1937 619 2028 Ὅμηρ
622 1967 691 2008 ονε
676 1943 795 2029 ἔρεισμα
816 1946 865 2008 καὶ
886 1947 1019 2030 κωλυμα,
1043 1945 1076 2009 οό
1099 1948 1206 2029 γίνεται
1227 1947 1260 2010 δὲ
1281 1947 1390 2010 ὀδονων

270 1968 427 2133 ιιιόλομαρ
420 2049 452 2111 τὸ
481 2047 573 2134 βέλος.
602 2047 672 2112 Ηοο
699 2047 798 2131 igitur
820 2068 857 2113 eo
880 2048 1001 2127 nititur,
1025 2049 1109 2131 qvod
1131 2049 1207 2134 ἕρμα
1229 2055 1277 2114 est
1298 2071 1391 2132 prae·

269 2152 393 2231 sidium,
422 2172 482 2234 qvo
511 2151 623 2234 aliqvis
651 2171 672 2216 a
701 2149 810 2216 dolore
833 2150 973 2216 defendit
960 2158 1022 2230 tur,
1045 2173 1106 2234 qvo
1129 2151 1220 2217 dolor
1241 2151 1390 2234 prohibe·

268 2260 336 2333 tur;
370 2253 462 2336 qvod,
498 2255 524 2318 si
558 2253 597 2318 de
624 2254 742 2337 sagitta
769 2253 905 2334 dicatur,
932 2253 1049 2318 rationi
1079 2252 1207 2320 obstare
1234 2261 1266 2320 et
1295 2274 1389 2320 sensu

269 2377 387 2434 carere,
416 2357 515 2438 qvivis
538 2355 701 2421 concedat.
679 2357 920 2472 tApparet
910 2379 944 2421 1n
966 2357 1027 2422 hoc
1048 2359 1182 2440 κώλυμα,
1205 2377 1266 2439 qvo
1288 2357 1385 2440 expli·

267 2466 319 2526 cat
319 2481 358 2523 ur
386 2458 576 2544 ἔρ,λοεισμα
558 2463 644 2522 ctam
668 2457 809 2540 disputat
776 2459 891 2524 aionis
913 2459 976 2523 vim
1000 2479 1068 2524 esse
1095 2461 1180 2542 posit
1181 2480 1242 2524 am.
1276 2459 1387 2542 Itaque

266 2563 298 2626 ni
325 2563 407 2627 forte
435 2567 493 2644 put
495 2581 582 2625 emus
604 2559 696 2624 binas
718 2581 773 2625 sen
775 2561 891 2626 tentiae
914 2563 1092 2626 contrarias
1115 2563 1176 2626 et
1167 2567 1215 2626 1nt
1217 2583 1261 2630 er
1273 2583 1306 2626 se
1327 2583 1386 2645 pu-

265 2669 364 2749 gnant
366 2685 398 2730 es
351 2664 462 2729 tab
485 2663 596 2728 eodem
617 2662 804 2728 Aristarcho
821 2664 967 2746 proposit
968 2684 1003 2728 aa
1021 2685 1100 2742 esse,
1117 2685 1247 2730 necesse
1264 2670 1313 2730 est
1329 2666 1386 2730 eti·

264 2790 316 2834 am
337 2767 423 2851 apud
444 2765 648 2850 Apollonium
665 2763 784 2849 ἔρεισμα
800 2786 862 2831 non
879 2786 938 2848 pro
955 2765 1085 2846 fultura,
1108 2789 1170 2850 qva
1186 2767 1277 2833 dolor
1292 2767 1383 2832 susti-

264 2878 366 2948 netur,
384 2870 449 2947 sed,
466 2891 560 2934 sensu
577 2873 710 2950 mutato,
728 2888 788 2950 pro
803 2867 975 2950 praesidio,
992 2890 1052 2952 qvo
1070 2891 1090 2934 a
1109 2869 1218 2934 dolore
1235 2869 1383 2950 prohibe

263 2981 316 3039 tur
338 2974 460 3056 aliqvis,
484 2972 525 3036 ab
547 2971 602 3036 illo
625 2976 791 3054 acceptum
808 2973 915 3036 lhisse.
948 2973 1051 3054 Atqve
1069 2973 1164 3036 etiam
1182 2969 1383 3036 consideran·

262 3085 320 3155 tes,
349 3096 429 3158 qvae
456 3076 516 3156 Ap.
544 3073 643 3151 addit,
672 3073 787 3138 ἔπαινον
810 3077 870 3137 κτλ.
893 3075 997 3138 minus
1020 3074 1186 3158 quadrare,
1209 3073 1237 3138 si
1259 3073 1385 3138 dicatur

261 3179 380 3263 sagitta
402 3197 470 3242 esse
493 3176 639 3242 dolorum
660 3176 809 3255 fulcrum,
832 3182 943 3242 contra
967 3177 1074 3242 omnia
1095 3176 1156 3241 sibi
1179 3181 1334 3254 constare,
1357 3179 1383 3241 si

260 3284 403 3348 dicamus
434 3279 684 3362 sagittamque
716 3279 784 3362 qvis
805 3279 907 3344 utitur
927 3279 1089 3362 praesidio
1112 3284 1226 3344 contra
1247 3277 1384 3358 dolores,

260 3385 395 3470 ί,ὀολοιίε
423 3381 577 3449 afferendi
604 3381 731 3448 laudem
758 3403 822 3448 non
850 3381 1053 3446 habere'’-—
1082 3380 1115 3444 id
1137 3381 1220 3464 qvod
1242 3382 1329 3446 Arist
1316 3387 1382 3446 ton.

256 3489 362 3555 verbis
389 3487 479 3571 οὐχ’
467 3508 483 3549 ο
505 3486 586 3550 δελει
606 3489 667 3549 κτλ.
690 3485 902 3568 exprimit—
923 3484 1080 3568 talemque
1102 3505 1157 3550 sen
1158 3485 1291 3550 tentiam
1313 3505 1383 3550 esse

256 3591 478 3659 ridiculamet
493 3589 627 3654 rationis
645 3593 818 3670 expertem,
836 3607 873 3652 eo
891 3585 1088 3664 adducimur,
1106 3593 1142 3650 ut
1128 3585 1237 3650 tnihil
1255 3593 1383 3652 contro·

256 3697 378 3764 versiae
393 3695 477 3758 inter
493 3691 585 3774 Apol.
604 3695 635 3756 et
622 3691 740 3754 tArist
726 3695 792 3754 ton.
811 3709 879 3754 esse
896 3709 1092 3768 censeamus,
1109 3689 1196 3772 apud
1212 3711 1233 3754 u
1235 3693 1381 3772 trumqve

254 3800 352 3883 igitur
369 3795 588 3861 Aristarchum
607 3791 727 3877 ἔρεισμα
743 3812 802 3873 pro
814 3789 974 3874 praesidio
987 3793 1157 3874 accepisse.
1181 3793 1228 3856 Ac
1244 3791 1381 3856 fortasse

254 3903 295 3967 ab
318 3899 412 3986 ἔρυμα
434 3903 483 3964 est
504 3895 624 3982 ἔρεισμα
647 3899 843 3977 corruptum.
888 3893 934 3958 cf.
957 3893 1103 3959 Eustath.
1124 3897 1241 3972 ethai:
1262 3893 1379 3959 offendi

253 4005 299 4071 ait
321 4003 404 4088 ,τοὺς
425 4001 576 4078 παλαιοὺς,
594 3999 677 4082 qvod
695 4019 809 4082 parum
826 3997 906 4063 haec
925 3997 1147 4080 conspirarent
1163 3996 1227 4082 ἔρρ’
1246 3997 1378 4060 ὀδυνάων

259 4127 461 4138 -......--..--

353 4180 375 4237 *λ
386 4173 426 4228 Of.
444 4171 529 4226 Seiler
543 4169 674 4224 Wdrterb.
689 4169 774 4232 „nach
787 4168 834 4222 der
847 4167 1047 4237 gewdhnlichen
1063 4166 1136 4220 llrkl.
1151 4166 1250 4236 Triger
1265 4168 1378 4222 schwar-

250 4280 296 4318 zeu
315 4261 478 4324 submerum,
491 4255 539 4310 aui
549 4255 663 4309 walchen
677 4255 820 4324 gleichsam
836 4254 879 4308 dio
893 4253 1048 4307 Schmeman
1063 4253 1119 4306 sich
1135 4255 1248 4320 sthtzeu,
1265 4249 1377 4307 ruhen.“
