3098 4874
1198 391 1239 450 49

151 575 239 640 hanc
260 574 399 638 formam
422 570 601 636 deduxisse.
640 571 720 651 Apio
738 592 758 636 a
775 572 856 657 μύειν
873 571 1051 656 singultare
1068 593 1138 636 eam
1155 571 1283 638 duxisse

151 677 290 742 uidetur.

260 795 543 881 ὑπεροπλίσαιτο
567 797 598 879 (ρ
622 793 708 879 268).
733 831 774 842 -
797 828 838 842 -
861 793 877 855 ὁ
900 793 1006 878 ’Apisa
1030 794 1143 856 claudii.
1167 797 1288 879 νικήσει-

154 922 196 962 εν·
233 899 291 986 (an
318 903 377 966 τοῖς
404 897 514 966 ὅπλοις.
544 896 584 962 cf.
615 895 717 962 Seiler
743 895 920 979 Wdrterb.)
948 897 997 959 καὶ
1023 896 1077 981 γὰρ
1101 898 1128 960 oi
1149 899 1288 982 νεώτεροι

155 1001 291 1084 λέγονται
312 1000 466 1086 ὁπλότεροι
488 999 545 1063 ἀπὸ
568 1001 621 1061 τοῦ
643 999 781 1081 νικητικοὶ
803 997 875 1062 εἶναι
897 998 926 1061 ἐν
944 1002 1003 1067 τοῖς
1022 999 1131 1066 ὅπλοις.
1170 999 1288 1064 Hacte-

158 1123 221 1166 nus
248 1104 302 1166 Ar.
327 1101 386 1166 Oui
409 1121 490 1184 quae
513 1101 648 1184 opponit
669 1100 859 1183 Apollonius
882 1137 922 1148 -
946 1101 1056 1186 βέλτιον
1080 1102 1113 1164 δὲ
1134 1104 1203 1186 ἡμῖν
1226 1103 1289 1186 φαί-

159 1227 241 1266 νεται
272 1241 313 1252 -
340 1239 383 1250 -
421 1203 562 1288 [ἀκούειν]
598 1202 691 1270 οὕτως
725 1203 920 1287 ἐξησκημένον
955 1204 1014 1288 (sc.
1050 1205 1149 1289 δῶμα)
1182 1205 1289 1288 ὑπερη-

159 1307 328 1390 φανήσειεν.
363 1305 522 1389 ὑπέροπλον
548 1303 603 1389 γὰρ
633 1305 659 1366 οἱ
688 1305 872 1390 ὑπερήφανοι
897 1329 924 1366 κ.
955 1328 979 1367 τ.
1008 1309 1034 1368 λ.
1066 1343 1098 1352 -—
1132 1307 1290 1370 incertum

159 1412 219 1485 est,
247 1412 356 1471 utrum
382 1408 452 1490 ipse
479 1411 677 1472 commentus
704 1407 756 1484 sit,
785 1427 826 1470 an
850 1427 890 1470 ex
912 1405 975 1470 alio
998 1406 1086 1470 fonte
1108 1409 1290 1489 sumpserit.

160 1509 220 1573 Est
241 1512 350 1573 tamen
370 1509 453 1574 haec
475 1508 658 1590 explicatio,
680 1507 890 1590 undecunque
912 1507 1066 1590 originem
1084 1509 1210 1590 repetit,
1226 1529 1291 1574 me·

159 1611 223 1675 lius
240 1616 375 1676 exarata
392 1616 424 1675 et
441 1610 600 1688 disertior,
620 1630 714 1692 quam
732 1629 810 1692 quas
827 1609 908 1674 alias
926 1609 1155 1692 explicationes
1173 1631 1190 1675 e
1208 1610 1292 1693 glos·

160 1733 272 1776 sarum
300 1711 487 1776 collectione
509 1733 568 1777 sua
590 1731 778 1794 expromere
800 1711 882 1776 solet
903 1711 1164 1794 lexicographus;
1192 1733 1294 1796 neque

160 1815 248 1879 enim
279 1814 385 1879 uerbis
417 1815 523 1897 parcit
555 1834 615 1879 nec
647 1819 714 1878 tam
738 1814 852 1897 jejuna
879 1819 911 1879 et
939 1815 1032 1880 arida
1059 1819 1107 1878 est
1134 1835 1228 1897 quam
1256 1815 1294 1879 il·

163 1917 245 1998 lae.¹
270 1915 371 1993 Quid?
404 1916 488 1998 quod
521 1916 735 1980 recentiorum
768 1915 912 1998 plerique
946 1916 1031 1980 hanc
1056 1916 1295 1998 interpretatio·

164 2039 238 2083 nem
270 2017 346 2083 illae
378 2018 605 2083 Aristarcheae
637 2017 828 2100 praetulere.
874 2017 954 2081 Cum
985 2017 1156 2099 Apollonio
1184 2013 1294 2084 nostro

165 2120 291 2185 faciunt
313 2120 410 2185 etiam
433 2118 532 2184 schol.
557 2143 573 2204 ρ
598 2122 659 2182 268
683 2126 715 2184 et
736 2119 885 2184 Eustath.
912 2121 1004 2194 1819,
1028 2122 1079 2181 32.

271 2255 485 2342 ὑπέρμορον.
531 2253 596 2340 Ἀρ.
620 2257 673 2340 τὴν
696 2254 834 2340 δευτέραν
852 2255 1004 2330 ὀξυτονῶν,
1022 2254 1196 2340 ὑπερμόρως
1214 2256 1296 2318 ἀκού.

165 2358 280 2440 ltaque
303 2358 496 2440 conjunctim
519 2357 685 2440 scripsisse
706 2355 841 2422 uidetur.
885 2355 1078 2421 Heliodorus
1101 2363 1209 2422 autem
1226 2359 1298 2443 ὑπὲρ

168 2459 260 2544 μόρον
283 2460 460 2543 sejunctim,
477 2461 548 2544 ὑπὲρ
565 2461 597 2522 τὸ
612 2460 753 2544 καθῆκον.
784 2459 950 2554 Consentit
965 2479 1037 2522 cum
1052 2459 1114 2523 hoc
1129 2460 1195 2524 sch.
1212 2483 1232 2522 α
1248 2465 1298 2524 34.

273 2599 434 2681 φαεινήν.
478 2595 685 2660 Uberrimum
712 2595 864 2678 lexicogr.
892 2593 946 2659 hic
968 2594 1048 2658 adiit
1070 2594 1201 2675 fontem,
1225 2617 1300 2660 nam

168 2696 297 2762 disertis
325 2697 496 2780 multisque
522 2697 628 2763 uerbis
649 2697 804 2760 Aristum
825 2696 950 2760 inducit
972 2697 1189 2779 quaestionem
1211 2698 1301 2762 illam

168 2799 354 2878 soluentem,
382 2800 425 2866 ad
452 2800 477 2865 Θ
506 2803 568 2864 555
597 2822 708 2886 ,caera
738 2800 814 2885 ἀμφὶ
841 2802 988 2884 σελήνην*
1012 2804 1044 2862 et
1066 2803 1082 2870 ζ
1105 2804 1146 2862 74
1168 2800 1303 2886 ,ἐσθῆτα

169 2908 245 2987 φα.“
268 2922 289 2966 a
309 2922 470 2985 nugarum
492 2902 712 2986 captatoribus
735 2898 950 2985 propositam3
974 2906 1007 2964 et
1026 2906 1101 2966 sunt
1115 2903 1214 2967 uerba
1228 2903 1303 2968 inde

170 3025 191 3070 a
213 3007 357 3090 ..φαεινὴν
380 3005 415 3068 οὐ
439 3007 492 3091 τὴν
514 3026 615 3088 usque
637 3005 679 3070 ad
701 3004 796 3069 finem
819 3005 891 3086 ipsa
905 3003 1095 3083 Aristarchi,
1111 3025 1129 3069 e
1144 3026 1303 3072 commen-

169 3107 254 3172 tario
283 3107 461 3190 desumpta.
505 3107 659 3172 Videmus
686 3107 756 3190 ejus
783 3105 927 3174 soluendi
949 3105 1080 3170 modum
1102 3107 1136 3170 in
1159 3127 1196 3172 eo
1219 3109 1304 3190 posi-

169 3215 241 3273 tum
264 3229 342 3287 esse,
366 3208 450 3291 quod
473 3208 666 3274 obseruabat
687 3208 841 3290 epitheta,
865 3227 945 3288 quae
967 3204 1009 3270 ab
1031 3206 1104 3288 ipsa
1125 3229 1233 3272 rerum
1248 3231 1305 3276 na·

170 3318 248 3376 tura
268 3315 344 3376 sunt
365 3312 469 3394 petita
489 3311 623 3394 ideoque
643 3315 801 3393 perpetua
817 3308 976 3387 dicuntur,
993 3308 1035 3374 ab
1050 3307 1201 3388 Homero,
1217 3311 1307 3376 nulla

171 3413 373 3496 singulorum
404 3413 550 3478 locorum
576 3413 701 3478 ratione
728 3411 849 3490 habita,
879 3415 1064 3475 constanter
1090 3413 1241 3495 usurpari
1269 3435 1308 3478 ao

172 3535 214 3580 ne
247 3520 316 3580 tum
343 3514 471 3597 quidem
498 3515 570 3580 loco
599 3515 722 3592 cedere,
752 3535 825 3578 cum
854 3513 895 3580 ad
924 3534 1052 3580 sensum
1081 3514 1217 3599 alicujus
1245 3517 1308 3582 loci

173 3617 280 3682 minus
306 3616 389 3682 bene
417 3617 576 3700 quadrare
599 3617 799 3682 uiderentur:
823 3653 866 3664 -
880 3651 920 3664 -
943 3615 978 3680 οὐ
996 3618 1048 3701 τὴν
1072 3616 1139 3680 τότε
1161 3619 1308 3702 λαμπρὰν,
1430 3691 1432 3696 ,

174 3719 252 3782 ἀλλὰ
279 3721 331 3804 τὴν
361 3720 447 3806 φύσει
473 3721 609 3805 λαμπράν
634 3757 673 3769 --
696 3758 749 3783 -.
795 3719 919 3784 Similia
940 3719 1051 3784 scholl.
1075 3723 1091 3790 ζ
1114 3724 1155 3782 74
1177 3719 1308 3786 habent.

174 3821 373 3904 Quamquam
405 3823 596 3888 necessitate
624 3827 781 3899 coactum,
810 3821 882 3886 aliis
910 3821 1107 3902 argumentis
1136 3820 1309 3887 deficienti-

174 3923 246 3999 bus,
275 3924 337 3989 hoc
364 3945 437 3988 eum
464 3929 606 3989 tentasse
629 3923 829 3988 crediderim.
875 3921 964 3998 Quod
987 3923 1077 4003 quasi
1099 3921 1199 4006 digito
1221 3947 1311 3990 mon·

175 4031 283 4090 strare
309 4025 436 4091 videtur
458 4026 524 4090 sch.
549 4026 577 4088 Φ
602 4030 664 4089 218
688 4026 797 4110 πλήθει
818 4025 873 4110 γὰρ
897 4025 1007 4087 νεκύων
1031 4023 1165 4110 ἐράτεινα
1188 4027 1310 4113 ῥέεθραε

176 4126 297 4212 ἄκαιρον
319 4133 371 4191 νῦν
394 4129 426 4192 τὸ
449 4127 594 4205 irridetur,
617 4129 718 4213 ὅμοιον
743 4127 793 4191 οὖν
816 4133 858 4214 τῷ
884 4127 969 4205 ‚dud
993 4136 1071 4211 φα.“
1093 4153 1120 4192 κ.
1144 4129 1236 4216 „dorp
1281 4156 1313 4217 φ.

178 4232 255 4316 ἀμφὶ
278 4233 362 4294 σελ.“
386 4267 427 4280 -
451 4229 506 4314 (de
527 4235 596 4296 toto
619 4229 773 4295 hocloco
796 4251 824 4294 u.
847 4229 884 4294 L.
907 4231 964 4295 Ar.
991 4233 1061 4296 199.
1085 4229 1173 4316 209).
1226 4259 1227 4264 ¹

1194 4369 1211 4422 4
