3108 4870
1177 383 1233 442 101

159 571 358 632 revertamur
390 565 433 631 ad
465 566 587 650 glossas
622 567 807 633 Aristarchi.
852 568 935 646 Quas
963 567 1030 651 jam
1060 567 1101 632 ab
1127 567 1199 646 isto,
1226 567 1279 651 qvi

159 669 282 752 primus
305 668 486 752 collegerat,
509 669 670 752 aliquanto
690 671 852 753 praecisas
873 676 905 736 et
920 675 1110 749 contractas,
1126 671 1178 752 qvi
1192 675 1278 752 post·

159 791 198 836 ea
224 772 258 835 in
284 792 377 836 usum
403 793 494 836 suum
521 778 693 851 verterunt,
721 773 822 856 magis
849 774 1010 856 magisque
1038 771 1279 851 contrahebant,

160 875 193 937 in
222 874 387 958 angustius
415 873 581 958 cogebant.
625 874 748 940 Horum
774 896 849 940 vero
875 876 1030 958 imprimis
1053 875 1141 939 luere
1162 873 1279 939 lexico-

160 977 286 1061 graphi.
319 975 422 1054 Qvare
446 977 598 1059 jamnon
623 977 773 1050 debemus
797 978 915 1056 mirari,
938 978 966 1042 si
987 976 1165 1041 Aristarchi
1186 997 1279 1041 voca·

158 1079 307 1145 bulorum
335 1078 561 1161 explicationes
588 1079 772 1162 plerumque
799 1079 967 1162 perbreves
994 1080 1078 1143 etin
1102 1077 1278 1162 glossarum

159 1183 296 1247 formam
317 1181 466 1246 redactae
488 1180 574 1263 apud
596 1180 798 1263 Apollonium
820 1183 1032 1265 reperiuntur.
1077 1179 1158 1245 Sunt
1179 1179 1278 1244 maxi·

159 1305 244 1349 mam
276 1289 400 1367 partem
432 1288 630 1366 excerptae,
659 1283 853 1378 integriores
885 1291 992 1349 tamen
1019 1283 1107 1353 λέξεις
1134 1289 1279 1348 servatae

159 1393 243 1466 sunt,
278 1407 354 1469 qvas
387 1387 449 1451 boc
482 1386 552 1450 loco
585 1391 770 1463 tractamus,
799 1405 817 1450 e
846 1384 958 1468 quibus
987 1405 1178 1467 cognoscere
1205 1384 1279 1449 licet

158 1488 380 1552 Aristarchum
412 1507 470 1570 per
501 1487 559 1552 bas
590 1487 804 1570 paraphrases
839 1507 935 1569 saepe
968 1487 1113 1569 copiosas
1146 1492 1177 1550 et
1209 1507 1277 1550 ver-

157 1591 255 1655 bosas
276 1589 309 1653 id
332 1589 442 1672 egisse,
466 1595 502 1653 ut
523 1589 679 1654 vocabula
701 1589 872 1655 Homerica
893 1589 942 1654 vel
963 1589 1089 1654 rariora
1111 1588 1184 1670 qvid
1201 1607 1277 1669 pro-

152 1693 228 1774 prie
254 1692 390 1777 (κυρίως)
413 1690 638 1774 significarent,
662 1698 796 1756 erueret.
840 1691 889 1755 Ad
912 1712 1003 1774 qvam
1027 1692 1182 1757 rationem
1205 1690 1280 1755 licet

158 1795 208 1859 vel
229 1793 368 1877 plurima
390 1793 431 1858 ab
453 1793 543 1858 initio
566 1799 707 1859 tractata
729 1794 856 1872 fuerint,
878 1801 984 1860 tamen
1006 1794 1038 1858 in
1054 1793 1168 1877 qvibus
1182 1793 1278 1858 etiam

158 1917 244 1961 nunc
275 1901 401 1960 servata
434 1901 482 1960 est
513 1896 585 1978 ipsa
617 1897 825 1978 paraphrasis
852 1897 956 1962 forma
983 1903 1015 1961 et
1042 1897 1125 1961 ratio
1154 1895 1278 1963 dicendi

159 1999 341 2083 hujusmodi
363 1997 542 2080 explicandi
564 1999 689 2082 generis
710 1999 852 2082 propria,
875 2020 913 2065 ea
934 2005 1058 2063 tantum
1075 1997 1277 2063 enumerabo.

161 2101 255 2167 Sunt:
284 2103 495 2188 ἀγάννιφος,
518 2101 679 2185 ἄγαλμα,
703 2101 911 2186 αἰναρέτης,
933 2101 1181 2187 ἀλφεσίβοιαι,
1204 2100 1278 2162 ἀνε-

162 2205 356 2291 μοτρεφές,
389 2204 567 2289 ἀνέσαιμι,
601 2204 787 2288 ἀνιεμένη,
820 2204 1009 2280 ἀνάεδνον,
1043 2203 1165 2285 ἀπίης,
1193 2203 1278 2266 ἀπυ-

162 2309 379 2392 στήσωνται,
412 2307 587 2391 ἀπύρους,
620 2305 815 2391 ἀστεμφές,
848 2306 1043 2391 αὐέρυσαν,
1077 2305 1276 2390 ἀφήτορος,

165 2409 284 2494 βέλος,
312 2410 452 2496 βροτός,
480 2409 628 2493 γέγωνε,
650 2409 799 2494 γύαλον,
822 2409 1032 2494 διδυμάονε,
1055 2407 1153 2485 έδνα,
1176 2407 1278 2472 ἔδον·

150 2504 236 2588 τες,
259 2509 373 2594 ἔντεα,
396 2513 558 2589 ἐνδίνων,
582 2513 639 2576 ἐπὶ
660 2513 766 2597 κάρα,
789 2512 1001 2596 ἑταιρίσσαι,
1023 2512 1178 2597 ήλασαν,
1201 2511 1278 2574 ἰδυ-

163 2615 309 2691 πτίωνα,
332 2616 550 2700 καμμονίην,
572 2615 742 2699 κλητούς,
766 2614 993 2700 κοιμηθέντι,
1013 2617 1278 2699 κοτυλήρυτον,

159 2719 352 2803 κυνάμυια,
383 2718 550 2803 μέλλετε,
579 2717 783 2802 μενοεικέα,
805 2717 929 2802 νέμυς,
952 2718 1115 2792 ὀνείατα,
1139 2715 1276 2793 οὔλιος,

159 2820 393 2906 παλιμπετές,
421 2821 605 2897 παλίωξις,
632 2819 844 2906 παρθένιος,
867 2819 1102 2895 πολύκεστος,
1125 2821 1277 2904 πρηνής,

158 2927 416 3009 πρωτοπαηής,
451 2925 562 3005 πυρὸς
594 2923 700 3009 αὐγή,
734 2923 933 3010 ρινοτύρος,
961 2922 1125 3008 τέμενος,
1154 2921 1277 3007 φαλύς,

158 3027 328 3112 χέραδος,
356 3027 539 3114 ψάμαδος,
567 3027 777 3110 ὠμοθετεῖν.
806 3063 847 3074 -
875 3026 922 3090 De
951 3025 1000 3090 his
1028 3023 1173 3091 omnibus
1200 3045 1277 3090 sanc

157 3129 244 3195 ralet
271 3130 353 3213 qvod
379 3129 488 3194 Lehrs.
518 3129 595 3193 dicit
616 3130 684 3212 (Ar.
711 3131 796 3212 lom:
819 3133 970 3211 „apparat
992 3127 1151 3193 studuisse
1172 3127 1205 3190 in
1228 3126 1296 3191 his'

157 3232 328 3298 verborum
354 3254 480 3298 sensum
506 3231 669 3297 vocabulis
694 3231 871 3297 notioribus
894 3237 926 3296 et
947 3231 1086 3314 propriis
1109 3251 1203 3313 qvam
1224 3251 1276 3295 ac-

159 3337 357 3400 curatissime
383 3335 517 3401 reddere
543 3371 594 3412 -‚
621 3334 654 3397 in
682 3355 743 3417 qvo
765 3333 1001 3416 perspicuitatis
1024 3353 1122 3398 causa
1142 3352 1206 3396 non
1227 3331 1277 3396 fu-

159 3438 205 3521 git
232 3437 377 3520 pluribus
405 3438 508 3503 verbis
535 3437 609 3501 αλλ.ιι
652 3435 695 3500 Et
722 3435 805 3519 qvod
826 3435 910 3500 idem
933 3435 1023 3500 dicit:
1048 3435 1089 3515 „si
1113 3433 1277 3500 commode

157 3539 226 3606 fieri
248 3547 365 3623 posset,
388 3541 490 3606 tenuit
510 3541 543 3603 in
565 3539 757 3622 paraphrasi
772 3539 932 3604 Homerici
947 3538 1094 3604 vocabuli
1109 3537 1275 3615 radicem“‚

158 3641 192 3706 id
218 3643 251 3706 in
277 3642 357 3708 haec
384 3643 484 3708 cadit:
513 3641 675 3727 ἄγαλμα,
698 3643 942 3728 ἀλφεσίβοιαι,
965 3643 1153 3716 ἀνάεδνον,
1176 3639 1277 3704 ἔδον·

158 3767 230 3822 τες,
258 3743 375 3823 ἔντεα,
403 3745 615 3822 ἰθυπτίωνα,
642 3745 859 3830 καμμονίην,
886 3743 1055 3828 κλητούς,
1077 3744 1277 3828 κοτυλήρυ-

158 3871 232 3926 τον,
255 3848 464 3933 μενοεικέα,
486 3849 645 3926 δνείατα,
668 3849 851 3929 παλίωξις,
877 3847 1112 3923 πολύκεστος,
1139 3869 1276 3931 πρωτο-

158 3953 294 4036 παγής,
326 3951 487 4038 τέμενος,
515 3951 716 4036 ὠμοδετεῖν
743 3950 797 4015 all.
841 3949 890 4015 De
918 3949 1031 4015 ceteris
1059 3949 1158 4014 valet:
1191 3949 1277 4030 „Hoc

157 4059 264 4120 tamen
286 4075 350 4121 non
373 4054 467 4119 anxie
488 4059 615 4118 secutus
637 4059 685 4118 est
707 4054 764 4139 (sc.
786 4053 941 4118 rationem
962 4052 1080 4116 radicis
1095 4051 1276 4137 tenendae);

156 4155 213 4222 sed
235 4156 368 4239 propria
389 4154 545 4222 vocabula
566 4155 709 4238 quaesiit,
733 4191 773 4203 -
795 4155 842 4220 ita
863 4161 900 4220 ut
920 4155 952 4218 in
976 4155 1159 4238 compositis
1180 4156 1274 4220 etiam

156 4259 428 4342 praepositionum
456 4258 502 4323 vis
523 4257 715 4342 patefieret.“
757 4255 852 4322 Vide:
877 4255 1071 4342 αὐέρυσαν,
1094 4256 1276 4342 ἀνέσαιμι,
