3108 4870
137 513 217 597 (Ar.
250 513 334 599 159).
378 513 425 578 De
451 514 492 582 ὥς
518 550 560 561 -
585 514 627 582 ὥς
654 512 713 578 ait:
742 513 812 598 (Ar.
834 513 987 596 Epimetr.
1011 515 1098 601 386):
1121 516 1266 598 ,Apollo-

137 615 219 679 nius
241 614 299 680 der
320 613 488 680 Verfasser
511 614 566 680 des
587 615 647 681 lex.
670 614 776 694 Hom,
798 615 974 696 Aristaroh,
998 617 1168 701 Tyrannio,
1189 618 1266 702 Try·

136 717 222 800 pho,
238 716 426 800 Apollonios
441 718 605 801 Dyscolus,
620 717 782 784 Herodian
797 724 933 784 wussteu
949 720 1031 786 auch
1045 742 1105 786 von
1121 722 1172 796 ὥς,
1189 724 1266 801 „so“,

135 820 205 886 wie
224 814 294 885 'von
321 823 388 899 τώς,
415 841 477 884 nur
504 820 551 886 als
579 825 748 904 oxytoncn.
792 820 905 904 Eiuzig
927 821 1018 887 einen
1039 822 1110 887 Fall
1130 830 1267 888 wussten

137 923 203 1002 sie,
230 943 278 988 wo
305 923 335 986 ἐν
365 923 440 1008 μέσῃ
468 924 573 1009 φράσει
600 923 667 988 dies
694 923 929 990 nicht-relative
955 929 997 994 ὡς
1023 927 1269 1008 perispomanirt

137 1027 203 1091 sei.
248 1025 324 1090 Dies
345 1025 387 1090 ist
408 1045 489 1109 ganz
504 1026 609 1090 sicher
623 1046 681 1090 aus
695 1024 941 1092 verschiedsnsn
957 1026 1076 1092 Stellen
1092 1027 1147 1092 des
1162 1028 1267 1111 Apoll.

137 1129 253 1212 Dyso,
282 1163 322 1174 -
348 1127 406 1194 wie
433 1148 491 1192 aus
518 1127 620 1193 denen
648 1127 703 1194 des
728 1127 898 1194 Herodian.
919 1166 961 1178 -
983 1167 1024 1178 -
1046 1129 1111 1194 Fur
1133 1129 1184 1195 die
1205 1130 1269 1196 Na·

138 1252 221 1296 men
254 1230 391 1314 Trypho,
418 1231 595 1308 Aristaroh,
621 1230 780 1313 Tyrannio
807 1230 878 1295 sind
907 1231 1094 1298 einzusehen
1121 1232 1269 1316 Apollon.

140 1332 231 1416 conj.
267 1335 338 1413 523,
371 1332 571 1414 Epimerism.
597 1331 690 1398 Hom.
717 1333 791 1396 449.
818 1369 861 1382 --
888 1331 1057 1420 Ἀρίσταρχ.
1086 1335 1119 1397 δὲ
1146 1333 1271 1420 παρῄνει

141 1437 177 1499 τὸ
208 1439 250 1504 ὡς
277 1435 307 1498 ἐν
336 1435 412 1520 μέσῃ
441 1437 545 1520 φράσει
566 1440 706 1520 περισπᾶν
729 1435 755 1499 εἰ
776 1437 966 1500 ὑποτάσσοιτσ
988 1436 1138 1523 συνδέσμῳ
1160 1440 1202 1524 τῷ
1223 1439 1275 1502 καί

140 1575 188 1588 -
212 1543 271 1590 -“
293 1537 340 1602 cf.
364 1537 457 1604 choll.
481 1540 498 1625 β
521 1543 571 1602 23.
594 1562 609 1601 ε
631 1542 703 1602 430.

250 1639 439 1723 Priusquam
462 1639 504 1706 ad
526 1641 590 1704 alia
612 1640 842 1724 transgrediar,
866 1661 904 1705 ea
926 1660 1006 1723 qvas
1028 1644 1189 1725 hucusque
1203 1647 1271 1708 tra·

146 1744 232 1809 ctavi
261 1743 366 1808 obiter
393 1741 493 1808 oculis
520 1741 735 1826 perlustrabo,
765 1742 810 1808 ad'
828 1763 946 1826 genera
968 1743 1123 1826 quaedam
1146 1745 1272 1830 singule

145 1853 365 1914 revocaturus.
409 1846 513 1928 Atque
539 1867 611 1910 cum
638 1846 699 1911 hcc
727 1846 805 1910 mihi
826 1847 1058 1929 proposuerim,
1081 1854 1117 1912 ut
1137 1849 1272 1933 vestigia

145 1955 181 2014 et
208 1949 358 2032 reliqvias
385 1948 562 2014 studiorum
592 1949 817 2031 doctrinaeque
844 1949 1032 2029 Aristarchi,
1060 1970 1119 2031 per
1147 1951 1272 2016 lexicon

149 2050 311 2134 Apollonii
334 2050 505 2134 dispersas,
529 2049 687 2133 colligam,
710 2070 902 2127 recenseam,
924 2051 1089 2128 illustrem,
1113 2052 1270 2135 utigitur,

150 2153 226 2236 qvid
246 2154 330 2218 inter
351 2174 386 2218 se
402 2153 602 2219 consentiant
616 2152 728 2235 qvidre
744 2150 894 2218 differant
908 2153 1112 2218 Aristarchus
1127 2159 1159 2218 et
1173 2154 1272 2237 Apol·

150 2255 267 2333 louius,
293 2277 459 2340 exponam,
487 2256 548 2320 hoo
569 2255 648 2320 mihi
669 2255 807 2338 primum
830 2254 1020 2320 mouendum
1042 2255 1176 2334 videtur,
1199 2278 1271 2322 cum

155 2376 220 2420 non
246 2357 288 2420 ad
313 2358 445 2424 eundem
472 2357 567 2424 finem
590 2357 631 2422 ab
653 2357 715 2422 hoc
737 2362 831 2439 atqve
853 2356 894 2421 ab
916 2356 972 2422 illo
994 2357 1150 2424 vocabula
1172 2359 1272 2442 expli-

158 2467 315 2536 carentur,
334 2462 408 2526 inde
423 2463 526 2545 ipsam
541 2459 774 2543 interpretandi
788 2459 945 2524 rationem
961 2459 1057 2525 aliam
1072 2461 1158 2544 apud
1175 2461 1272 2526 alium

157 2561 303 2630 extitisse.
346 2564 516 2648 Apollonio
538 2564 622 2628 enim
644 2561 871 2630 vocabulorum
892 2563 1114 2646 interpretatio
1129 2565 1274 2648 ipseper

152 2683 188 2728 se
214 2672 262 2730 est
289 2667 418 2732 maximi
445 2666 610 2745 momenti;
644 2686 682 2732 eo
710 2667 817 2730 omnia
843 2672 998 2748 spectant,
1026 2673 1063 2730 ut
1089 2667 1163 2748 qvid
1186 2668 1272 2750 apud

150 2772 281 2849 poetam
303 2767 483 2853 significent
504 2789 607 2847 voces,
630 2787 786 2851 quaenam
808 2768 953 2834 notiones
976 2767 1118 2832 diversae
1140 2768 1273 2852 singulis

149 2869 316 2954 subJ'eotae
336 2871 409 2950 sint,
432 2877 658 2955 cognoscatur3
686 2871 891 2935 Aristarchus
913 2876 1020 2934 autem
1041 2891 1155 2936 vocum
1175 2873 1273 2938 iuter·

149 2973 331 3054 pretatione
358 2974 567 3038 instrumento
595 2979 718 3038 tantum
741 2978 773 3038 at
795 2971 987 3038 adminiculo
1009 2973 1120 3051 utitur,
1143 2995 1205 3057 qvo
1226 2975 1274 3040 ni-

150 3080 221 3142 tens
240 3077 309 3160 jam
332 3077 374 3142 ad
396 3077 512 3144 altiora
533 3076 644 3142 tendit.
688 3076 776 3142 Totis
791 3077 874 3140 enim
889 3075 968 3142 locis
983 3075 1190 3159 explicandis,
1206 3083 1274 3144 toto

149 3186 250 3262 poeta
270 3179 493 3264 intellegendo,
516 3179 713 3262 singularum
736 3199 849 3244 vocum
871 3177 1118 3262 significationes
1133 3181 1273 3248 stabilie·
1399 3177 1410 3204 ⁸

151 3281 224 3362 bat3
248 3304 309 3366 qvo
333 3285 419 3349 lacto
441 3282 529 3348 locos
552 3281 746 3347 difficiliores
768 3281 857 3363 quasi
872 3281 915 3346 ad
930 3281 1096 3348 obrussam
1111 3282 1273 3366 exigebam

150 3391 300 3450 essentne
321 3385 422 3468 spurii
444 3405 484 3450 an
507 3384 549 3450 ab
571 3385 641 3467 ipsc
663 3388 760 3466 poeta
773 3383 919 3465 profecti,
936 3383 1143 3468 dijudicabat,
1158 3383 1192 3449 id
1207 3405 1273 3452 ma-

150 3487 238 3552 xime
260 3508 368 3572 agens,
390 3495 427 3552 ut
448 3487 488 3554 de
508 3507 584 3552 vera
604 3485 740 3552 lectione
762 3493 932 3554 constaret.
975 3486 1087 3570 Itaque
1102 3508 1174 3554 oum
1188 3488 1274 3554 locc-

152 3609 225 3656 rum
252 3591 532 3674 interpretationes
558 3597 591 3656 ot
615 3609 729 3658 vocum
756 3588 984 3672 explicationes
1004 3589 1139 3656 invicem
1161 3611 1195 3655 se
1216 3589 1273 3676 ad·

148 3691 302 3774 juvarent
340 3699 372 3758 et
403 3693 610 3772 illustrarent,
644 3692 685 3756 ad
723 3697 826 3757 totum
864 3697 995 3773 poetam
1026 3691 1274 3775 intellegendum

153 3794 360 3875 procedebat,
390 3795 430 3861 de
456 3795 525 3879 ejus
551 3795 690 3879 ingenio,
717 3793 810 3879 stylo,
839 3793 965 3859 dicendi
993 3813 1108 3877 genere
1134 3800 1167 3858 et
1193 3815 1274 3877 qvae

154 3896 313 3980 ejusmodi
351 3902 435 3976 suut,
472 3897 662 3981 quaerebam
696 3896 830 3978 denique
862 3895 1051 3961 lectionibus
1084 3897 1275 3980 mustitutis,

156 3999 311 4066 editiones
338 3999 486 4084 parabat.
530 3999 626 4085 (Vide
646 4021 675 4064 r.
698 4019 724 4063 c.
747 3997 858 4064 scholl.
881 3996 905 4062 Σ
929 4001 1000 4062 247.
1023 3998 1053 4062 Κ
1077 4001 1126 4062 10.
1148 3999 1177 4062 Α
1200 4001 1229 4064 5.
1252 3999 1277 4064 Σ

158 4103 230 4169 597.
258 4104 287 4168 Φ
313 4108 373 4170 126
392 4111 465 4170 cett.
487 4103 589 4168 Lehrs
611 4104 667 4168 Ar.
688 4121 743 4184 pp.
768 4103 819 4180 75,
843 4104 894 4179 87,
918 4103 958 4164 89
982 4105 1052 4181 oet,
1076 4099 1115 4166 de
1137 4102 1221 4166 πάλιν
1243 4124 1275 4186 p.

30 4207 32 4242 ³
158 4205 222 4284 91).
268 4206 402 4272 Constat
424 4206 557 4290 denique
580 4203 781 4290 grammatici
803 4202 1003 4270 celeberrimi
1021 4205 1276 4284 commentarios,

1160 4325 1176 4378 7
