3108 4870
1176 346 1234 406 109

161 534 233 605 ξεων
249 531 354 616 aliqva
368 553 537 618 synagoge,
552 531 572 596 i.
590 551 616 596 e.
632 551 649 594 a
665 529 819 613 glossario
834 529 1048 606 Aristarcheo‚
1064 550 1084 593 a
1098 530 1279 596 recentiori·

161 636 221 702 bus
239 635 436 712 concinnato,
453 635 514 700 hae
530 633 689 718 glossulas
704 638 873 716 excerptae
888 634 921 696 in
938 632 1060 698 lexicon
1082 633 1280 716 immigrasse

162 737 318 802 videntur.
363 736 510 802 Omnium
537 757 612 802 vero
639 736 775 802 formam
801 735 848 800 ita
874 735 1001 801 brevem
1030 740 1061 800 et
1087 735 1199 800 exilem
1227 736 1280 803 de-

163 862 250 906 mum
281 844 355 922 post
388 839 510 905 lexicon
542 843 688 905 nostrum
715 837 925 922 compositum
952 843 1009 903 aut
1036 838 1280 920 epitomatorum

162 964 225 1026 ope
253 942 393 1008 extitisse
414 941 486 1007 ideo
508 963 572 1007 non
594 947 642 1006 est
662 939 839 1024 probabile,
862 939 945 1023 qvod
967 941 1080 1006 harum
1103 939 1280 1026 glossarum

164 1044 285 1110 multae
325 1065 424 1128 aeqve
461 1044 570 1110 breves
602 1049 634 1110 et
666 1048 849 1110 contractae
882 1043 915 1108 in
946 1042 1048 1108 lexico
1080 1043 1280 1128 Hesychiano

163 1146 334 1230 prodeunt.
379 1146 481 1223 Quare
509 1167 581 1210 cum
608 1145 769 1228 Apollonii
795 1145 920 1210 lexicon
943 1151 1067 1211 constet
1087 1167 1145 1229 per
1165 1147 1281 1230 Dioge-

163 1251 295 1314 nianum
327 1249 359 1312 in
392 1248 541 1332 Hesychii
575 1247 700 1313 lexicon
726 1249 926 1331 immigrasse
953 1247 1028 1332 (vid.
1056 1247 1098 1312 M.
1128 1249 1280 1316 Schmidt.

164 1351 238 1418 Hes.
267 1351 328 1416 lex.
355 1351 401 1415 lv
429 1350 567 1428 Qvaestt.
591 1350 727 1434 Hesych.
751 1349 847 1434 CVI),
870 1350 1058 1433 Diogeniani
1075 1350 1144 1434 jam
1166 1357 1280 1430 aetate,

165 1456 198 1519 h.
228 1474 254 1519 e.
277 1474 341 1520 uno
364 1453 490 1518 saeculo
512 1459 586 1536 post
606 1453 731 1520 lexicon
753 1452 845 1516 Hom.
870 1453 1041 1531 conditum,
1064 1453 1196 1519 eandem
1217 1455 1281 1520 for-

164 1577 250 1620 mam
276 1553 401 1638 glossae
423 1553 585 1622 habebant
607 1576 701 1642 qvam
722 1554 832 1634 hodio;
856 1554 940 1620 unda
963 1553 1069 1637 colligi
1090 1556 1208 1637 poterit
1230 1577 1282 1622 ea-

164 1659 237 1724 dem
264 1659 368 1722 l'orma
393 1657 521 1722 indutas
544 1657 612 1741 jam
639 1656 733 1720 lexici
760 1655 917 1722 conditori
945 1677 999 1722 eas
1025 1664 1155 1740 praesto
1186 1658 1282 1725 luisse

164 1781 224 1825 nec
251 1759 376 1824 demum
403 1763 516 1841 postea
543 1779 612 1824 esse
638 1757 810 1822 mutilatas.
854 1757 977 1822 Harum
999 1759 1145 1842 exempla
1166 1781 1282 1844 propo·

164 1883 239 1928 nam
260 1859 422 1938 nonnulla,
446 1856 567 1942 reliqua
590 1857 727 1924 breviter
749 1863 873 1924 tantuni
895 1859 1103 1925 indicaturus.

267 1963 420 2032 δόνακας
452 1964 611 2048 καλάμους.
656 1961 770 2028 Melius
803 1961 901 2026 schol.
934 1960 962 2026 N
991 1966 1053 2027 584
1080 1964 1178 2035 birci:
1206 1969 1226 2051 ἡ
1256 1969 1282 2032 δ.

165 2067 210 2132 ὅτι
233 2067 249 2130 ὁ
272 2071 323 2130 τοῦ
347 2065 450 2152 βέλους
471 2066 612 2149 κάλαμος.
635 2064 671 2128 τὰ
692 2064 747 2149 γὰρ
771 2063 842 2150 βέλη
865 2063 962 2133 Εάλινα
983 2089 1010 2128 κ.
1026 2067 1169 2150 καλάμινα
1184 2067 1283 2152 ῆν.-

165 2169 347 2254 ἐλέφαντα
369 2169 401 2232 τὸ
424 2169 616 2253 ἐλεφάντινον.
660 2166 788 2231 Excidit
810 2166 922 2244 ὀστοῦν,
945 2166 1028 2249 qvod
1050 2173 1139 2232 extat
1159 2169 1192 2232 iu
1207 2169 1282 2236 Hes.

165 2278 199 2336 et
219 2272 272 2335 Et.
294 2271 337 2335 M.
359 2271 539 2354 Respicitur
561 2270 644 2334 enim
666 2267 690 2332 Δ
714 2273 784 2346 141,
807 2268 848 2334 ad
871 2289 961 2352 qvem
984 2268 1089 2334 locum
1110 2271 1161 2335 Et.
1185 2271 1227 2336 Μ.
1244 2275 1282 2357 (s.

168 2372 299 2458 ἐλέφας);
331 2374 510 2459 ἐλεφάντινον
544 2373 645 2450 ὀστοῦν
679 2373 719 2458 τῷ
753 2373 871 2458 φοινικῷ
902 2374 1038 2456 χρώματι
1064 2374 1163 2458 χρίσῃ,
1191 2376 1282 2462 βάψῃ.

168 2476 371 2542 Aristarchus
398 2477 429 2540 h.
457 2475 478 2539 l.
507 2475 626 2558 diplam
654 2475 813 2557 apposuit,
842 2473 924 2556 qvod
951 2474 1104 2554 nonnulli,
1127 2475 1284 2559 adjectivo

168 2579 323 2664 ἐλεφαντός
344 2578 429 2657 fictu,
453 2579 597 2664 ἐλεφαντά
619 2577 771 2654 eburnea,
794 2575 877 2654 alba,
902 2575 940 2640 de
962 2575 1037 2642 lana
1059 2577 1134 2643 alba
1149 2579 1284 2662 cogitas-

165 2687 244 2759 sent,
263 2703 333 2746 cum
351 2682 482 2764 proprie
500 2687 582 2746 esset
598 2678 818 2761 accipiendum
834 2677 882 2742 τόν
899 2677 1051 2763 ἐλέφαντα.
1084 2679 1173 2746 Ηοοο
1188 2681 1283 2746 etiam

165 2805 217 2866 ap.
244 2783 320 2849 Hes.
346 2784 504 2867 leguntur.
532 2821 573 2832 -
595 2783 701 2872 πόνος
722 2783 755 2844 τὸ
778 2781 932 2866 ἐνέργημα.
976 2781 1165 2850 Brevissima
1186 2783 1285 2868 igitur

166 2887 245 2952 haec
272 2907 332 2952 vox
358 2885 534 2968 expeditur,
562 2884 601 2950 de
629 2906 690 2968 qva
717 2883 840 2948 scholia
867 2883 994 2966 copiose
1022 2889 1054 2948 et
1082 2884 1284 2952 abundanter

165 2995 273 3072 agunt.
318 2991 406 3052 Ar:m
441 2988 533 3066 enim,
561 2986 669 3052 multis
697 2985 791 3068 diplis
817 2985 940 3068 positis,
970 2985 1114 3052 docuisse
1141 2990 1284 3056 novimus

164 3091 252 3160 τόνος
286 3111 440 3174 nusquam
483 3089 611 3168 doloris,
654 3089 711 3154 sed
753 3087 872 3154 laboris
910 3093 1036 3154 tantum
1080 3090 1285 3173 significatio·

165 3213 237 3258 nem
274 3193 402 3272 habere,
437 3214 537 3276 neqve
569 3192 622 3256 hic
655 3191 844 3268 substitisse,
878 3190 935 3258 sed
966 3193 1139 3274 praecipue
1170 3193 1209 3258 de
1238 3194 1285 3260 la·

165 3295 243 3361 bore
270 3295 385 3362 bellico
413 3295 474 3360 hoc
503 3294 566 3359 dici
593 3295 762 3360 monuisse.
806 3293 852 3358 cf.
882 3293 992 3359 scholl.
1014 3293 1042 3358 B
1065 3299 1136 3358 291.
1159 3295 1189 3358 Κ
1215 3300 1283 3360 116.
1350 3341 1351 3344 ¹

165 3399 193 3464 l
221 3403 293 3464 467.
321 3399 349 3464 N
379 3403 408 3462 2.
432 3400 448 3484 β
473 3401 544 3461 334.
566 3397 601 3460 L.
625 3399 679 3461 Ar.
705 3401 744 3460 73
768 3417 837 3480 sqq.
881 3395 982 3462 Pclek
1004 3396 1096 3462 Obss.
1118 3397 1151 3462 in
1173 3398 1293 3476 scholl.,
1328 3395 1331 3404 ’

166 3499 225 3564 Od.
251 3506 300 3565 11.
324 3539 363 3550 -
386 3501 518 3566 σύνθεο
542 3548 549 3563 .
574 3549 581 3563 .
607 3549 614 3564 .
638 3500 774 3579 »σύνθετο
797 3501 901 3586 θυμῷιι
925 3498 969 3582 (Η
991 3501 1049 3582 44)
1071 3506 1204 3585 συνῆκεν,
1219 3503 1285 3567 ἑαυ·

166 3607 207 3687 τῷ
236 3604 422 3686 διελογίσατο.
467 3601 513 3668 Of.
542 3602 608 3666 sch.
638 3602 669 3667 h.
698 3600 719 3666 l.
747 3604 766 3687 ἡ
797 3603 823 3664 ὃ.
853 3601 878 3665 d.
908 3607 1050 3686 μαντικῶς
1077 3609 1209 3688 συνῆκεν,
1232 3605 1286 3668 οὐκ

166 3703 293 3772 ἀκούσας
320 3706 415 3772 αὐτῶν
441 3711 495 3791 τῆς
521 3709 632 3790 φωνῆς.
675 3703 726 3768 Ex
752 3704 803 3768 his
831 3703 1009 3788 glossarum
1033 3705 1184 3770 collector
1205 3706 1284 3774 illud

166 3811 288 3891 συνῆκεν
315 3813 439 3872 tanturn
467 3812 679 3890 excerpserat,
708 3807 791 3890 qvod
813 3806 907 3872 lexioi
929 3806 1075 3872 conditor
1097 3806 1210 3874 deinde
1231 3830 1284 3875 ac

167 3909 261 3992 cepit,
289 3908 410 3974 addens
436 3911 532 3996 ἑαυτῷ
554 3911 591 3988 d,
620 3916 653 3974 et
674 3911 720 3974 sic
741 3909 927 3992 plerumque
949 3908 1069 3974 factum
1091 3930 1161 3976 esse
1182 3914 1284 3995 suspi-

165 4032 229 4076 cor.
246 4049 289 4062 -
299 4011 389 4077 Haec
403 4009 577 4092 sufficiant3
593 4018 701 4078 cetera
714 4011 852 4078 breviter
866 4011 1024 4090 indicabo,
1040 4011 1217 4096 glossarum
1232 4037 1284 4082 ca·

163 4113 284 4196 pitibus
307 4113 440 4198 singulis
461 4113 582 4180 scholia
603 4120 728 4180 tantum
750 4115 877 4198 signata
891 4113 1022 4193 addens,
1037 4115 1121 4181 unde
1137 4120 1284 4200 cognosci

164 4218 275 4300 possit,
297 4216 519 4284 Aristarchum
542 4216 690 4283 uberiora
711 4223 744 4284 et
759 4217 903 4284 doctiora
918 4239 1011 4300 qvam
1026 4218 1087 4284 lex.
1103 4220 1291 4288 tradidisse.
