3098 4874
304 331 344 392 38

259 513 287 578 ll
309 519 381 579 408.
426 514 450 578 Ω
474 519 524 594 81,
548 515 602 582 ubi
624 517 731 582 omnia
752 516 862 582 scholl.
886 517 1101 582 consentiente
1123 537 1199 584 voce
1221 523 1379 586 testantur

259 637 330 681 eum
354 619 421 703 βοὸς
442 618 528 704 κέρας
550 619 726 684 reddidisse
748 620 780 682 τό
802 619 948 704 κεράτινον
971 621 1124 704 συρίγγιον.
1159 619 1192 684 8ί
1215 641 1289 686 vero
1304 621 1379 687 inde

259 715 381 802 colligit
402 722 512 786 Arzum
535 722 703 799 censuisse,
726 742 833 786 vocem
856 721 942 806 κέρας
963 721 1079 804 ubiqve
1096 728 1279 788 constanter
1294 723 1379 790 hunc

258 824 423 906 proprium
450 845 578 889 sensum
605 824 733 902 habere,
761 844 954 907 magnopere
982 824 1105 889 fallitur
1131 831 1163 890 et
1190 826 1267 890 Amo
1288 847 1378 892 recu-

259 926 342 990 santi
369 948 509 992 errorem
536 928 661 1010 ingerit.
704 927 788 991 Nam
815 947 947 1008 prorsus
974 927 1067 991 aliter
1094 927 1133 993 de
1159 927 1214 992 illo
1242 934 1379 996 testatur

260 1028 326 1093 soh.
353 1029 379 1092 A
403 1031 474 1092 385:
497 1032 517 1113 ἡ
541 1031 627 1115 διπλῆ
651 1029 695 1093 ότι
715 1029 786 1115 κέριρ
808 1029 842 1092 οὐ
865 1036 902 1113 τῇ
926 1031 1003 1114 τριχί
1022 1033 1121 1116 ψιλῶς,
1143 1030 1208 1094 ἀλλ’
1230 1031 1379 1119 ἐμπλοκῆς

259 1153 285 1193 τι
306 1130 397 1214 γένος.
442 1132 472 1200 ἐς
493 1134 614 1216 κέρατος
635 1132 741 1218 τρόπον
764 1130 953 1196 ἀνεπλέκοντο
976 1133 1003 1195 ol
1025 1134 1143 1217 ἀρχαῖοι
1163 1157 1189 1196 κ.
1213 1157 1238 1197 τ.
1260 1138 1288 1198 λ.
1311 1134 1380 1200 ἔνιοι

260 1234 293 1296 δὲ
314 1241 355 1321 τῷ
378 1234 461 1320 τόξῳ·
485 1235 675 1320 ἀγαλλόμενε·
699 1238 855 1320 προείρηκε
877 1236 910 1298 δὲ
931 1235 1048 1314 ,τοξότα
1068 1237 1235 1323 λωβητήρ.“
1279 1237 1378 1315 Qvid?

257 1341 342 1420 qvod
364 1337 477 1402 ultima
497 1338 553 1404 illa
576 1339 644 1402 ὅθεν
666 1342 728 1402 κτλ.
750 1339 846 1421 plane
867 1359 1034 1421 perperam
1058 1347 1132 1404 sunt
1154 1339 1304 1406 conclusa
1324 1361 1380 1407 ne-
1513 1343 1514 1366 ¹

258 1461 318 1522 qve
345 1462 362 1506 e
384 1442 649 1524 praecedentibus
675 1448 864 1526 seqvuntur3
879 1443 910 1525 *l
933 1463 1007 1507 nam
1029 1463 1161 1524 prorsus
1182 1442 1247 1508 alia
1268 1464 1380 1527 exspe-

258 1544 339 1609 ctari
360 1549 519 1626 poterant.
564 1545 627 1610 Sed
649 1545 753 1628 Apoll.
776 1565 835 1627 per
856 1544 890 1608 id
912 1544 1030 1609 erroris
1051 1543 1117 1610 labi
1137 1544 1272 1624 videtur,
1295 1546 1381 1635 qvod

258 1648 338 1712 duas
365 1647 433 1710 Ani
461 1647 697 1712 observationes
727 1647 769 1711 ad
795 1647 892 1729 plane
921 1647 1062 1711 diversos
1088 1645 1176 1712 locos
1198 1653 1381 1729 spectantes

258 1749 344 1834 (κέρα
372 1749 475 1834 ἀγλαέ)
505 1751 543 1831 (Λ
571 1752 646 1831 385)
676 1755 708 1814 et
730 1749 798 1836 βυδς
819 1749 906 1834 κέρας
928 1751 964 1834 (μ
987 1751 1047 1813 253
1070 1751 1134 1833 etc)
1156 1751 1327 1832 permiscet
1347 1757 1380 1818 et

258 1852 433 1917 confundit.
479 1852 547 1916 Nisi
581 1873 655 1917 vero
688 1858 835 1934 putemus
870 1852 1040 1917 articulum
1072 1852 1140 1935 ejus
1167 1853 1271 1935 primo
1299 1854 1375 1918 inte·

259 1975 351 2038 grum
385 1976 405 2020 a
434 1955 566 2020 librario
595 1959 708 2037 postea
734 1974 803 2020 esse
831 1961 1018 2037 corruptum
1046 1959 1078 2018 et
1105 1955 1282 2020 confusum.
1331 1957 1375 2021 Ac

258 2057 328 2122 fieri
360 2063 475 2140 potest,
507 2065 544 2122 ut
575 2062 650 2140 post
682 2055 874 2142 Ἀρίσταρχος
908 2056 1028 2139 aliqvot
1060 2056 1159 2122 verba
1192 2058 1376 2138 exciderint,

256 2162 395 2244 priorem
426 2162 677 2227 observationem
707 2160 914 2238 absolventis,
942 2167 974 2225 et
1001 2160 1149 2243 deinceps
1171 2160 1290 2243 aliquot
1320 2181 1375 2225 en·
1446 2195 1449 2202 ·

256 2271 288 2328 te
319 2265 435 2348 κυρίως,
468 2265 677 2346 posteriorem
709 2263 903 2346 incipientia.
953 2262 1038 2340 Quae
1070 2264 1243 2328 secundum
1278 2263 1375 2330 schol.

254 2366 281 2428 Λ
319 2369 380 2429 385
419 2367 480 2430 hoc
512 2365 579 2430 fere
611 2366 705 2431 modo
738 2366 862 2430 restitui
890 2365 1043 2447 poterint:
1070 2403 1111 2414 -
1140 2405 1182 2414 -
1208 2365 1295 2451 κέρας
1322 2365 1376 2452 γὰρ

255 2469 307 2552 τὴν
339 2468 425 2552 τρίχα
457 2467 601 2551 λέγεσθαι.
629 2469 645 2530 ό
671 2468 704 2530 δὲ
732 2466 923 2552 Ἀρίσταρχος
951 2467 998 2552 [od
1026 2475 1062 2552 τῇ
1090 2471 1165 2553 τριχὶ
1191 2473 1297 2555 ψιλῶς,
1313 2467 1377 2532 ἀλλ’

255 2571 404 2655 ἐμπλοκῆς
430 2594 457 2633 τι
477 2570 567 2653 γένος.
613 2570 660 2632 ἐπὶ
681 2571 714 2633 δὲ
736 2575 787 2633 τοῦ
810 2569 894 2647 ,κάτ’
917 2571 1073 2655 ἀγραύλοιο
1097 2573 1164 2656 βοδς
1184 2571 1271 2657 κέρας
1293 2571 1377 2657 ἐμβε·

254 2675 362 2759 βαυῖαιι
385 2672 423 2756 (Ω
447 2674 515 2758 81)]
541 2673 646 2758 κυρίας
667 2672 767 2736 ἀκοόει
788 2697 815 2735 κ.
838 2696 862 2735 τ.
886 2676 912 2736 λ,
958 2672 1042 2750 Quae
1058 2673 1086 2738 si
1101 2675 1147 2739 ita
1164 2681 1248 2753 sunt,
1265 2674 1305 2739 de
1321 2693 1375 2738 ex·

254 2777 363 2842 tremis
386 2777 454 2840 όδεν
477 2812 519 2822 -
541 2813 582 2824 -
605 2810 646 2824 -
668 2774 740 2860 τόξῳ
763 2774 943 2859 ἀγαλλόμενα
959 2775 1005 2839 sic
1020 2774 1155 2840 fortasse
1170 2775 1376 2858 judicandum

255 2885 312 2958 est,
350 2900 388 2944 ea
424 2885 537 2962 postea
572 2877 767 2960 interpolata
801 2898 869 2942 esse
903 2877 943 2942 ab
972 2877 1086 2960 aliqv0‚
1115 2880 1165 2944 cui
1193 2899 1256 2944 non
1284 2879 1375 2944 satis·

254 2983 375 3048 faceret
395 3003 546 3065 perversa
567 3005 680 3049 vocum
700 2981 772 3068 κέρᾳ
793 2981 884 3066 ἀγλαέ
904 2982 1126 3064 interpretatio
1148 2983 1182 3046 in
1202 2982 1303 3047 lexico
1319 2982 1375 3047 ob·

252 3086 313 3149 via.
358 3087 422 3149 Aut
443 3085 578 3150 forsitan
599 3106 659 3166 pro
682 3085 750 3148 όδεν
773 3083 974 3150 scribendum
990 3084 1031 3149 sit
1046 3085 1073 3148 υί
1090 3086 1137 3163 δὲ;
1155 3084 1194 3148 cf.
1213 3085 1284 3150 sch:
1307 3084 1376 3150 ἕνιοι

255 3189 288 3251 δὲ
310 3192 369 3253 eto.
413 3209 442 3253 v.
464 3187 708 3253 Ameis-Hentze
730 3188 867 3272 Anhang
887 3209 927 3251 zu
948 3185 1042 3251 Hom.
1064 3187 1101 3251 ΙΙ.
1128 3189 1218 3266 1875,
1241 3208 1273 3270 p.
1297 3191 1347 3252 92.

356 3290 636 3377 κερδαλεόφρον
671 3291 703 3354 ἐκ
737 3292 843 3360 παντὸς
870 3291 1025 3376 κερδαίνειν
1053 3294 1177 3376 φρονῶν,
1206 3289 1249 3354 διό
1276 3314 1303 3354 κ.
1331 3313 1374 3376 φι·

253 3397 486 3458 λοκτεανιότατον
509 3395 579 3458 εἷπε.
596 3396 612 3458 ό
628 3395 661 3458 δὲ
676 3393 783 3480 Ἀρίστ.
800 3394 937 3480 φρόνημα
948 3395 1069 3478 κερδυῶς
1085 3392 1174 3477 ἔχων,
1191 3393 1282 3478 ἤγουν
1299 3393 1373 3458 ἀλῶ-

254 3521 351 3566 πεκος.
395 3497 445 3562 Ad
468 3503 610 3564 extrema
631 3499 729 3564 rerba
750 3495 964 3581 intellegenda
985 3495 1025 3561 cf.
1047 3496 1099 3560 Et.
1121 3496 1164 3560 M.
1189 3499 1296 3574 505,34
1310 3519 1373 3581 κερ-

253 3603 307 3678 δῶ,
329 3604 349 3687 i,
373 3600 503 3684 ἀλώπηξ,
524 3605 566 3669 ὡς
586 3599 667 3686 παρὰ
688 3601 720 3663 τδ
742 3596 870 3663 Euclea
891 3597 980 3680 Εἰδώ,
1004 3599 1080 3663 odem
1102 3623 1129 3662 κ.
1151 3598 1231 3683 παρὰ
1252 3599 1285 3662 τδ
1310 3621 1373 3683 κερ-

252 3705 345 3770 δαλέα
373 3706 469 3790 κερδώ
495 3703 588 3769 Ηειιε
615 3703 700 3769 vocis
727 3701 951 3787 etymologiam
974 3702 1068 3767 etiam
1091 3723 1143 3785 ap.
1166 3701 1241 3767 Hes.
1264 3707 1373 3766 extare

251 3807 468 3885 considerans,
491 3807 635 3890 suspicor
649 3804 729 3869 illud
745 3804 836 3890 ἤγουν
853 3805 948 3868 ἀλώπ.
966 3803 1091 3887 quidem
1107 3824 1175 3870 esse
1191 3803 1371 3888 genuinum,

254 3931 457 3942 ——.-...-

355 3980 381 4048 a)
395 3979 431 4032 Ni
448 3979 517 4032 forte
534 3977 625 4046 Arist,
643 3976 785 4046 Apollonio
803 3977 880 4038 teste,
898 3994 916 4046 φ
933 3978 985 4033 395
1002 3975 1048 4045 (μὴ
1065 3976 1124 4044 κέρα
1139 3974 1193 4032 ἶπες
1206 3974 1281 4027 ἔδοιεν
1299 4011 1306 4026 .
1325 4011 1332 4026 .
1350 3973 1371 4042 .)

252 4064 405 4134 respiciens,
427 4063 489 4118 inde
511 4061 649 4132 collegerit
666 4061 747 4116 etiam
764 4060 788 4115 A
804 4063 856 4118 385
872 4063 945 4124 κέρας
961 4076 1010 4130 pro
1028 4075 1090 4114 aren
1108 4057 1288 4128 accipiendum
1307 4074 1371 4113 esse.

252 4149 320 4203 'lum
349 4165 411 4204 vero
437 4147 595 4216 Apollonius
621 4150 649 4201 et
670 4147 844 4211 Aristonicus,
866 4161 932 4217 qvae
956 4145 1105 4200 Aristarchi
1127 4143 1208 4198 fuerit
1230 4145 1370 4208 sententia,

252 4235 318 4289 mire
335 4234 405 4289 inter
423 4249 451 4287 se
468 4232 656 4302 discreparent.
