3098 4874
302 338 321 397 2

256 519 399 604 singulos
427 520 511 585 inter
538 524 570 583 et
597 519 724 584 lexicon
751 520 930 587 intercedat
958 527 990 588 et
1012 543 1093 607 quae
1115 523 1180 588 alia
1202 544 1300 606 supra
1318 524 1388 607 jam

257 623 332 699 dixi,
357 621 396 686 de
418 621 468 686 his
490 641 606 704 parum
629 627 685 686 aut
706 623 786 687 nihil
809 623 988 690 edocemur.
1034 625 1097 690 Sed
1118 645 1159 690 ne
1180 625 1298 708 injuste
1314 626 1388 707 quid
1419 675 1423 680 .

256 729 369 790 contra
391 722 599 787 Villoisonem
621 743 726 806 agam,
750 725 988 790 concedendum
1011 731 1069 806 est,
1092 748 1165 791 eum
1188 747 1259 791 cnm
1276 727 1310 790 in
1327 728 1385 790 sin.

255 825 338 910 gulis
354 825 461 904 rebus,
480 845 561 907 quae
578 825 742 907 philologo
757 825 840 890 scitu
856 831 930 891 sunt
944 828 1046 906 utilia,
1062 829 1164 894 multa
1178 829 1386 910 praestitisse,

253 935 322 994 tum
344 927 424 994 locis
446 927 592 1009 plurimis
614 926 766 991 lectiones
788 927 883 992 lexici
906 936 1075 1011 corruptas
1091 931 1285 995 emendasse.
1322 930 1386 995 Ea-

254 1031 326 1095 dem
349 1030 409 1108 uia,
433 1029 486 1111 qui
509 1028 622 1092 deinde
644 1027 769 1092 lexicon
785 1029 947 1110 Apollonii
967 1031 1076 1108 edidit,
1092 1032 1194 1114 Lugd.
1210 1033 1282 1096 Bat.
1301 1034 1383 1094 1778

252 1133 361 1197 Herm.
390 1131 520 1211 Tollius,
543 1151 742 1214 progressus,
766 1131 956 1212 explicando
980 1138 1011 1196 et
1033 1133 1231 1199 emendando
1254 1133 1385 1216 Apollo·

252 1235 306 1299 nio
333 1233 469 1298 multum
491 1233 622 1316 profuit.
667 1234 771 1314 Atque
792 1233 845 1297 hic
863 1233 990 1315 judicat
1011 1233 1228 1316 Apollonium,
1249 1235 1384 1315 Apionis

250 1337 451 1419 magistrum,
479 1337 625 1418 Augusto
653 1334 832 1415 imperante
859 1334 949 1398 illum
977 1335 1103 1418 quidem
1125 1334 1251 1400 lexicon
1273 1335 1382 1398 home-

251 1439 354 1504 ricum
382 1436 609 1520 composuisse,
636 1437 698 1502 hoc
720 1442 829 1501 tamen
850 1442 963 1518 postea
986 1437 1027 1502 ab
1049 1436 1206 1519 imperitis
1229 1435 1382 1518 compila-

251 1540 376 1606 toribus
403 1537 561 1615 addendo,
585 1537 814 1616 contrahendo,
836 1538 1061 1621 interpolando
1084 1559 1183 1620 supra
1204 1559 1298 1620 quam
1319 1537 1381 1602 dici

249 1643 352 1725 possit
374 1645 560 1722 corruptum
584 1659 662 1704 6666.
707 1639 832 1703 Tertius
855 1639 989 1722 denique
1002 1641 1067 1705 Im.
1082 1639 1255 1721 Redderes,
1272 1639 1381 1705 codice

249 1742 290 1807 ab
313 1742 438 1824 integro
461 1741 629 1818 recensito,
652 1740 777 1804 lexicon
800 1739 900 1804 edidit
922 1741 1078 1826 (Berolini
1102 1742 1211 1827 1839).

350 1843 506 1926 Equidem
540 1842 619 1906 mihi
650 1842 815 1924 proposui,
844 1849 880 1906 ut
905 1863 965 1925 pro
994 1841 1124 1907 modulo
1151 1843 1265 1906 uirium
1294 1843 1380 1906 hunc

248 1945 427 2011 studiorum
461 1965 610 2026 campum
639 1943 899 2026 qualitercunque
927 1943 1122 2008 collustrem.
1166 1944 1276 2026 Neque
1302 1965 1378 2008 uero

247 2049 364 2126 omnia,
393 2067 473 2130 quae
495 2047 558 2110 huc
579 2046 752 2128 pertinent,
776 2045 939 2125 tractabo;
966 2045 1053 2109 intra
1074 2045 1154 2110 fines
1176 2046 1379 2130 angustiores

246 2173 298 2216 me
326 2151 500 2229 continens,
522 2149 556 2214 id
578 2153 704 2214 tautum
727 2169 832 2232 agam,
855 2155 892 2212 ut
914 2149 1071 2232 quomodo
1096 2149 1286 2232 Apollonius
1306 2150 1378 2214 Ari·

246 2254 376 2320 starcho
399 2273 477 2316 usus
500 2253 542 2316 sit
563 2253 661 2331 fonte,
685 2273 766 2334 quae
788 2251 829 2316 ab
852 2251 907 2316 1110
931 2253 1113 2335 sumpserit,
1136 2273 1236 2317 suone
1255 2251 1378 2333 judicio
1493 2313 1497 2318 .

246 2376 324 2422 usus
347 2355 397 2432 sit,
422 2375 463 2418 an
486 2355 611 2418 auctori
629 2375 687 2418 suo
704 2354 860 2419 obnoxius
875 2355 983 2432 fuerit,
999 2360 1031 2420 et
1046 2374 1127 2437 qvae
1141 2353 1207 2418 alia
1222 2353 1379 2436 ejusmodi

245 2463 329 2536 sunt,
353 2457 577 2520 demonstrem.
621 2455 733 2538 Itaque
754 2457 888 2538 uestigia
909 2457 1088 2522 Aristarchi
1109 2476 1168 2538 per
1182 2456 1307 2521 lexicon
1323 2455 1378 2521 ob·

249 2559 301 2622 uia
322 2563 561 2640 persecuturus,
585 2577 679 2639 spero
702 2557 771 2620 fore
797 2561 835 2620 ut
857 2557 1001 2621 condicio
1024 2578 1064 2621 ac
1085 2557 1189 2621 forma
1203 2557 1297 2620 lexici
1322 2578 1378 2622 no-

246 2661 315 2738 stri,
339 2659 441 2742 qualis
463 2659 560 2722 l'uerit
583 2658 812 2740 antiquissima,
835 2664 1001 2740 appareat,
1014 2679 1115 2740 neque
1130 2659 1283 2724 minusut
1297 2661 1377 2725 ima·

243 2762 310 2846 gini
337 2760 517 2826 Aristarchi
545 2760 746 2844 grammatici
774 2765 806 2825 ct
831 2760 1027 2842 interpretis,
1055 2781 1075 2824 a
1103 2761 1236 2826 Lehrsio
1265 2761 1376 2825 adum-

243 2865 368 2942 bratae,
392 2883 475 2927 noua
497 2862 615 2926 addam
637 2861 802 2940 nonnulla,
823 2861 936 2944 quibus
948 2862 1033 2927 illius
1044 2863 1207 2946 ingenium
1225 2869 1257 2927 et
1268 2863 1376 2928 studia

243 2966 455 3030 illustrentur.
498 2963 611 3045 Itaque
638 2963 691 3027 1110
718 2962 844 3027 libellus
871 2965 1032 3046 specimen
1059 2965 1120 3029 erit
1141 2965 1236 3030 lexici
1260 2965 1375 3029 Home·

245 3067 304 3132 rici
326 3066 517 3144 Aristarchi,
541 3065 634 3148 quale
655 3065 891 3130 Bernhardium
913 3067 1073 3149 respicere
1094 3073 1173 3150 puto
1189 3067 1238 3132 his
1253 3067 1372 3133 uerbis:

243 3169 346 3252 „Jetzt
372 3167 474 3233 bleibt
500 3188 562 3230 nur
589 3165 695 3248 iibrig,
718 3187 776 3231 aus
799 3167 872 3231 dem
893 3167 926 3230 in
948 3167 1204 3251 Hauptpunkten
1226 3156 1372 3233 1111616111-

242 3269 454 3336 stimmenden
481 3267 639 3334 Nachlass
662 3268 718 3332 der
741 3268 828 3332 alten
849 3269 977 3346 Lexica,
1002 3270 1073 3334 dem
1095 3269 1284 3351 Apollonius
1306 3268 1372 3332 und

241 3373 380 3456 weniger
407 3371 479 3436 dem
508 3369 696 3452 Hesychius,
725 3371 843 3436 welche
870 3370 963 3436 beide
993 3370 1094 3434 durch
1123 3371 1173 3434 die
1195 3369 1291 3434 Hand
1315 3369 1371 3435 der

241 3475 486 3558 Epitomatoren
515 3471 698 3556 gewandert
725 3473 806 3544 sind,
832 3473 917 3537 dann
940 3491 998 3536 aus
1021 3471 1093 3536 dem
1114 3472 1371 3556 Etymologicum

241 3577 396 3660 Magnum
423 3574 490 3638 und
518 3578 716 3638 zerstreuten
742 3573 876 3638 Resten“
900 3573 946 3656 (in
969 3572 1030 3637 den
1054 3571 1212 3652 Scholien,
1235 3574 1371 3639 Behkeri

240 3679 361 3744 Anecd.
385 3677 449 3761 etc)
473 3675 552 3760 „den
575 3674 698 3740 Stamm
721 3676 806 3741 eines
828 3675 1057 3741 Homerischen
1081 3674 1231 3742 Glossars
1245 3698 1370 3742 zusam-

240 3780 469 3846 menzulesen.“
515 3776 668 3856 (Grundr.
696 3777 726 3840 d.
750 3777 806 3842 Gr.
829 3777 891 3841 Lit.
915 3777 1029 3842 Geuch.
1051 3777 1095 3858 Π,
1117 3782 1136 3840 2
1159 3778 1256 3844 Abth.
1281 3783 1369 3859 211).

343 3881 439 3945 Dicat
465 3880 633 3964 quispiam,
660 3878 832 3961 Apollonio
861 3879 1059 3945 emendando
1087 3881 1139 3963 qui
1161 3903 1293 3965 operam
1316 3881 1369 3947 de·

241 3986 333 4064 derit,
357 4005 429 4050 eum
451 3983 544 4048 nohis
566 3981 670 4065 magis
692 3981 911 4046 consulturum
934 4002 1003 4046 esse
1026 4003 1120 4066 quam
1142 3983 1277 4048 toutium
1301 3983 1369 4063 eius

239 4088 474 4171 indagatorem.
524 4085 567 4147 At
608 4104 705 4166 quum
742 4105 825 4148 unus
859 4088 984 4149 tantum
1018 4091 1105 4150 extet
1137 4085 1232 4150 lexici
1266 4085 1367 4150 codex

238 4189 467 4272 (Coislinianus
492 4185 542 4251 uel
570 4184 854 4269 Sangarmanensis
875 4186 929 4252 ille
951 4187 1079 4252 saeculo
1101 4187 1195 4251 szo
1218 4189 1367 4269 scriptus,
