3108 4870
343 396 402 457 126

398 580 460 646 Sed
482 578 622 646 nondum
645 580 752 662 copias
774 581 996 646 Aristarcheae
1012 580 1184 660 doctrinae,
1198 582 1233 646 in
1247 581 1403 648 vocabulis

295 683 471 749 Homericis
493 683 740 766 interpretandis
762 684 894 766 positae,
918 705 938 750 a
960 705 1009 750 me
1032 686 1202 750 exhaustas
1225 705 1303 759 esse,
1317 684 1404 750 facile

294 785 475 852 concedam.
521 784 681 869 Siquidem
708 786 859 852 Lehrsius
887 793 1002 866 censet,
1031 787 1404 854 11111111818888818-

294 889 443 956 eubulum
465 890 539 973 quin
560 890 751 972 paraphrasi
772 891 963 973 expresserit
977 891 1191 969 Aristarchus,
1206 890 1331 956 lexicon
1345 889 1404 955 llo·

294 992 447 1058 merioum
473 997 576 1060 totum
604 1012 673 1056 esse
700 992 938 1058 Aristarcheum
961 998 1102 1074 putares,
1125 993 1185 1057 1111
1207 992 1404 1075 Apollonium

294 1095 373 1160 alios
400 1115 522 1178 qvoqve
548 1094 652 1159 181188
674 1094 790 1160 adiisse
811 1095 917 1161 181188.
961 1096 1103 1160 Plurima
1125 1097 1288 1161 tamenin
1310 1095 1405 1160 lexico

294 1197 573 1281 grammaticorum
596 1197 732 1280 principi
755 1198 908 1282 originem
931 1197 1047 1263 debere
1068 1197 1231 1278 videntur;
1254 1204 1288 1263 et
1308 1218 1404 1263 811811-
1435 1251 1437 1258 ,

294 1300 419 1383 plorum
442 1301 576 1383 copiam,
600 1321 698 1380 ame·
709 1300 776 1383 jam
799 1300 968 1384 prolatam,
989 1301 1082 1366 facile
1098 1300 1262 1366 cumulare
1276 1321 1404 1383 possem,

294 1404 320 1469 si
343 1424 382 1470 ea
403 1403 553 1470 adderem
575 1424 708 1487 quorum
730 1404 820 1487 origo
844 1404 1048 1469 Aristarchea
1069 1423 1128 1486 ope
1143 1403 1353 1487 Etymologici
1366 1400 1404 1465 hl.

294 1505 496 1590 comprobari
518 1512 631 1589 potest.
676 1505 782 1571 Unum
804 1512 928 1572 tantum
950 1506 1076 1571 addam.
1121 1505 1205 1584 Quae
1227 1506 1405 1592 811111111-

293 1615 367 1674 lam
389 1610 422 1674 in
444 1609 504 1675 lex.
527 1613 637 1675 nostro
660 1607 794 1674 81181111
816 1609 988 1692 explicatio
1009 1609 1035 1674 T
1057 1613 1192 1688 ‘lt-82,
1215 1609 1336 1674 Archia
1355 1629 1404 1672 an-

295 1719 391 1791 81818,
419 1733 492 1778 cum
518 1713 583 1790 illa,
612 1733 692 1795 qvae
713 1713 746 1776 iu
768 1713 834 1778 sch.
857 1713 935 1778 Ven.
958 1712 1000 1778 ad
1022 1712 1114 1778 eund.
1138 1711 1158 1777 1.
1181 1711 1310 1796 legitur,
1332 1711 1404 1776 adeo

295 1816 451 1899 congruit,
486 1822 520 1880 ut
552 1836 569 1880 e
597 1814 720 1880 duabus
749 1835 813 1879 una
839 1815 916 1879 mihi
943 1815 1088 1880 videatur
1115 1835 1253 1896 persona
1280 1814 1405 1880 evadere

293 1919 480 1998 Aristarchi,
515 1918 605 2004 cujus
638 1939 751 1984 noman
788 1917 874 1983 haud
908 1918 974 1982 scio
1002 1938 1044 1982 an
1071 1917 1166 2001 culpa
1193 1917 1328 1996 librarii,
1353 1935 1405 1999 per

293 2022 480 2105 compendia
501 2021 677 2098 scribentis,
699 2023 732 2086 in
754 2021 889 2086 Archias
911 2019 1067 2086 deflexum
1082 2021 1132 2086 sit.
1165 2019 1228 2086 Sed
1243 2022 1324 2086 haee
1337 2019 1405 2083 hac·

293 2133 394 2192 tenus.
438 2125 521 2192 Nam
548 2146 628 2208 qvae
654 2125 816 2208 hucusque
842 2125 987 2205 tractavi,
1010 2145 1049 2190 ea
1069 2123 1111 2190 ab
1137 2125 1325 2190 Aristarcho
1349 2121 1404 2187 811-

293 2230 398 2312 ginem
425 2234 569 2311 repetere
598 2228 786 2294 testimoniis
814 2227 1094 2310 grammaticorum
1122 2232 1154 2292 et
1179 2227 1318 2303 scholiis,
1338 2223 1405 2308 plus

293 2332 435 2397 minusve
473 2332 609 2410 disertis,
648 2329 837 2396 confirmare
876 2330 953 2395 mihi
990 2329 1089 2395 licuit.
1144 2329 1206 2396 Sed
1245 2334 1405 2414 praeterea

293 2434 472 2520 fragmenta
499 2440 531 2500 et
556 2434 705 2517 reliquias
733 2433 874 2515 ejusdem
897 2433 1060 2499 doctrinae
1080 2454 1140 2516 per
1161 2439 1265 2499 totum
1287 2431 1402 2497 lexicon

292 2537 411 2621 passim
439 2537 582 2620 dispersa
608 2537 724 2620 ubique
745 2537 859 2616 latent;
882 2557 963 2619 qvae
984 2537 1124 2619 qvamvis
1145 2536 1301 2602 librorum
1322 2532 1402 2599 testi·

293 2641 406 2706 moniis
434 2641 589 2725 originem
617 2661 706 2705 suam
736 2641 847 2705 testari
875 2645 1042 2724 nequeant,
1065 2647 1170 2704 tamen
1192 2640 1311 2704 iudicia
1331 2651 1402 2720 prae

292 2765 327 2810 se
354 2745 460 2810 lerunt
486 2743 686 2827 grammatici
713 2742 797 2807 illius
824 2743 966 2826 propria,
995 2749 1089 2824 atqve
1116 2741 1222 2807 colore
1252 2748 1285 2807 et
1304 2736 1403 2804 indole

292 2847 497 2912 Aristarchea
524 2867 558 2911 88
585 2844 816 2910 commendant.
862 2844 946 2922 Qvae
969 2851 1074 2910 tamen
1097 2844 1158 2910 hoc
1180 2851 1322 2927 tempore
1343 2847 1402 2904 tre-

293 2955 380 3016 ctare
408 2947 630 3032 supersedebo,
659 2969 708 3027 ne,
731 2949 758 3014 si
781 2937 897 3031 magna
918 2947 1011 3012 lexici
1032 2966 1109 3029 pars
1131 2946 1208 3010 mihi
1231 2946 1402 3012 11811881-

292 3052 461 3118 scribenda
488 3057 579 3130 esset,
608 3050 735 3116 libellus
762 3072 850 3116 meus
871 3070 1004 3133 prorsus
1026 3049 1154 3114 modum
1176 3045 1401 3127 1181888111-

288 3155 428 3238 jusmodi
451 3154 612 3238 opusculis
633 3155 769 3237 proponi
791 3153 928 3219 solitum.
952 3191 992 3200 -

395 3257 457 3324 Sed
490 3259 552 3324 hoc
584 3257 654 3324 1888
686 3255 782 3322 aliam
809 3278 877 3322 rem
904 3256 1015 3322 leviter
1042 3255 1207 3338 attingam.
1251 3254 1401 3332 Persaepe

292 3363 424 3446 cognovi
451 3361 612 3444 Apollonii
639 3358 867 3443 explicationes
895 3365 927 3424 et
954 3358 1075 3424 scholia
1103 3358 1144 3426 ad
1171 3357 1342 3442 Odyssean
1364 3351 1400 3416 81·

292 3465 424 3530 millima
450 3466 533 3530 inter
555 3483 589 3529 se
612 3483 690 3542 esse,
712 3468 748 3528 ut
770 3483 833 3528 non
855 3462 957 3528 solum
980 3461 1152 3528 sententias
1175 3468 1207 3526 et
1228 3451 1400 3544 explicandi

292 3568 432 3634 rationes
459 3567 585 3633 easdem
613 3567 670 3632 sed
695 3567 808 3632 iisdem
831 3566 897 3631 1818
919 3564 1024 3636 verbis
1047 3570 1195 3632 exaratas
1218 3571 1346 3647 uterque
1366 3557 1399 3620 li-

291 3669 349 3736 ber
371 3670 497 3738 haheat.
542 3669 603 3735 Hic
623 3670 657 3734 ni
679 3690 840 3735 sumamus
862 3690 884 3734 a
897 3667 1070 3733 scholiasta
1084 3668 1207 3733 lexicon
1223 3667 1398 3746 excerptum

292 3795 360 3841 esse
389 3813 427 3824 -·
455 3773 539 3858 qvod
566 3772 690 3857 quidem
716 3773 875 3838 interdum
903 3772 1037 3855 contigit
1064 3809 1114 3850 -,
1137 3793 1154 3836 e
1177 3767 1399 3836 8811111111·

292 3878 381 3960 rique
418 3876 504 3943 fonte
537 3877 596 3942 has
629 3875 748 3942 similes
781 3875 1008 3959 explicationes
1040 3873 1229 3958 profluxisse
1262 3869 1397 3956 apparot·

291 3979 352 4045 Hic
375 4000 448 4044 vero
471 3981 542 4046 fons
564 3980 691 4063 quinam
714 3979 818 4054 luerit,
841 3997 904 4044 181
927 3977 1119 4061 dijudicabo.
1163 3976 1310 4042 Fortasse
1331 3969 1398 4035 81111

292 4084 395 4150 181188
422 4083 610 4166 complures,
638 4082 709 4148 dico
736 4082 862 4147 eosdem
890 4081 1002 4166 quibus
1029 4080 1272 4164 lexicographns
1299 4077 1398 4140 noster

291 4187 339 4252 uti
365 4186 455 4252 solet.
499 4187 609 4269 Itaque
636 4184 704 4250 lieri
726 4192 841 4268 potest,
864 4192 900 4250 ut
922 4187 1034 4250 harum
1058 4183 1302 4267 explicationum
1324 4175 1397 4242 alies

292 4290 506 4367 Aristarchus,
539 4288 619 4354 alias
649 4289 841 4371 posteriores
874 4287 1083 4372 grammatici,
1117 4286 1197 4352 alias
1228 4285 1395 4369 glossarum
