3108 4870
318 289 359 350 76

275 473 359 536 λάτα.
384 507 423 520 -
447 470 510 536 Sed
532 471 637 552 Apoll.
660 469 709 535 vel
731 470 892 552 Apollonii
913 471 1021 552 potius
1043 473 1257 556 interpolator
1281 475 1322 540 de
1343 480 1407 541 ter·
1530 509 1531 566 γ

275 575 320 638 tio
344 573 458 655 aliqvo,
482 578 611 654 praeter
626 571 793 636 Nestorem
810 577 842 636 et
857 572 1009 650 Oeneum,
1028 575 1188 657 cogitasse
1203 575 1340 655 videtur,
1356 577 1408 659 qvi
1530 567 1531 570 ¹

277 680 309 740 et
335 673 441 737 ἱππότα
469 673 595 738 dicatur
622 673 663 738 ab
691 673 785 737 Hom.
815 679 847 737 et
874 673 971 737 fuerit
1000 695 1073 740 vere
1101 678 1205 761 φυγάς.
1251 677 1408 745 Memoria

275 781 401 843 tantum
430 777 590 841 hominem
618 774 731 840 fefellit
759 781 791 839 et
816 775 1008 840 Phoenicem
1036 778 1195 860 suggessit
1225 777 1298 843 loco
1321 777 1407 862 Pup-

276 879 325 962 lei,
356 880 407 961 qvi
431 875 543 943 revera
566 877 711 958 confugit
732 875 926 952 Dulichium,
949 877 977 940 B
1000 880 1090 940 628.1
1134 879 1178 942 At
1199 899 1240 944 ne
1262 879 1318 944 illo
1342 881 1409 962 qvi-

277 981 348 1047 dem
370 982 442 1045 loco
464 979 572 1042 ἱππότα
593 977 681 1042 aliud
705 977 791 1042 valet
814 999 854 1042 ac
876 999 987 1060 „eques
1009 979 1043 1041 in
1058 978 1170 1060 bello,“
1187 980 1272 1062 qvod
1287 981 1410 1062 epithe-

276 1089 332 1147 ton
361 1103 480 1146 ornans
507 1079 587 1144 nihil
615 1079 657 1144 ad
685 1077 795 1161 fugam
823 1080 949 1158 attinet,
978 1091 1010 1142 et
1038 1079 1183 1146 Phoenix
1210 1102 1335 1163 qvoqve
1357 1103 1408 1164 ap.

277 1184 370 1249 Hom.
394 1182 423 1265 (I
446 1182 630 1264 lte-480)
653 1180 773 1263 fugisse
795 1186 951 1244 narratur
975 1201 992 1244 e
1015 1180 1149 1244 Hellade
1171 1182 1289 1264 patria,
1311 1184 1411 1248 immo

278 1283 320 1349 ad
342 1284 481 1348 Peleum.
526 1283 613 1365 Ergo
628 1302 691 1346 non
708 1282 833 1346 videtur
848 1281 996 1362 Apollon.
1015 1283 1170 1347 memoria
1184 1283 1285 1348 falsus
1301 1284 1412 1362 luisse,

278 1386 334 1451 sed
362 1385 401 1450 de
428 1385 497 1467 ipso
526 1385 687 1449 Phoenice
714 1383 882 1466 cogitasse,
910 1384 1102 1464 praesertim
1130 1405 1203 1448 cum
1233 1405 1297 1449 non
1320 1385 1412 1449 Duli-

278 1488 395 1562 chium,
423 1487 479 1551 sed
505 1486 539 1549 id
563 1485 646 1568 qvod
669 1485 762 1549 Hom.
785 1485 854 1566 ipse
876 1491 998 1562 narrat,
1021 1484 1063 1548 ad
1085 1484 1216 1549 Peleum
1239 1506 1311 1550 eum
1336 1507 1412 1550 con·

278 1589 397 1672 fugisse
425 1594 589 1653 memoret.
634 1586 737 1663 Quare
762 1587 870 1668 potius
899 1587 1033 1668 putaris,
1061 1592 1098 1649 ut
1125 1587 1193 1650 vult
1221 1587 1347 1665 Lehrs,
1369 1588 1412 1653 iis

278 1691 358 1757 locis
386 1690 416 1772 (I
444 1694 516 1754 432.
548 1688 574 1753 ll
598 1693 668 1752 196.
693 1689 718 1751 Τ
740 1689 828 1773 311),
851 1689 906 1752 ubi
928 1709 1014 1753 nunc
1035 1688 1185 1771 legimus:
1209 1689 1303 1773 γέρων
1326 1691 1413 1774 inup-

279 1794 355 1856 λα’τα
388 1791 496 1866 Φοῖνιξ,
522 1790 726 1872 Apollonium
756 1813 903 1875 ,repprros
930 1790 1053 1854 ἱττττόταα
1081 1790 1205 1873 legisse.
1251 1791 1341 1868 Qvod
1370 1791 1413 1856 ad

281 1893 536 1976 explicationem,
560 1893 600 1956 cf.
624 1891 735 1956 scholl.
759 1891 783 1954 Ξ
810 1896 878 1956 117.
905 1896 975 1956 119.
1020 1892 1123 1958 Tzetz.
1140 1893 1215 1957 Hes.
1233 1893 1320 1958 Scut.
1339 1897 1411 1958 216.

280 1996 418 2079 Hesyoh.

383 2099 579 2181 καλήτορα.
605 2119 643 2154 :
668 2094 767 2160 schol.
791 2094 816 2158 Ω
841 2099 913 2159 577.

384 2199 588 2282 καμμονίην
612 2199 664 2280 τὴν
688 2197 720 2260 ἐκ
742 2203 910 2282 καταμονῆς
931 2199 1021 2280 νίκην.
1066 2198 1160 2263 Hanc
1182 2199 1280 2263 fuisse
1301 2199 1412 2263 Aristzi
1530 2211 1531 2238 ³

280 2299 587 2380 interpretationem,
616 2297 726 2362 scholl.
755 2297 900 2363 indicant
926 2299 956 2362 X
985 2302 1046 2362 257
1076 2305 1109 2363 et
1138 2299 1167 2362 Ψ
1196 2303 1269 2377 661,
1293 2301 1411 2364 additis

282 2401 346 2464 his:
375 2399 418 2464 διὸ
447 2401 493 2464 ἐπὶ
520 2405 576 2462 τῶν
605 2400 853 2484 μονομαχούντων
880 2425 907 2463 κ.
937 2401 1130 2478 ποκτεόντων,
1153 2401 1200 2464 ἐπὶ
1222 2403 1255 2464 δὲ
1277 2402 1410 2487 δρομέων

283 2502 387 2566 οὐκέτι.
431 2503 474 2566 Et
504 2502 609 2586 Etym.
639 2501 681 2564 M.
711 2539 753 2550 —-
779 2539 822 2550 -
849 2503 896 2565 ἐπὶ
922 2507 1019 2587 ααλῆς
1047 2527 1072 2566 κ.
1096 2509 1215 2588 πυγμῆς
1237 2541 1275 2550 -
1301 2541 1343 2552 -
1366 2505 1412 2568 ἐπὶ

283 2606 316 2668 δὲ
336 2605 432 2668 ἵππων
455 2604 516 2668 οὐδ’
542 2605 576 2667 ἄν
598 2608 659 2668 κτλ.
704 2605 807 2668 Aliter
829 2625 903 2670 vero
926 2605 1074 2688 Hesych.:
1098 2607 1151 2689 τὴν
1175 2607 1208 2668 ἐκ
1229 2605 1305 2668 κατὰ
1323 2606 1412 2691 μόνας
1529 2583 1530 2604 ¹

286 2708 385 2792 μάχης
407 2708 496 2791 νίκην,
520 2707 583 2772 vel:
606 2707 681 2770 κατὰ
704 2706 811 2791 μόνους
835 2708 944 2791 μάχην.
968 2729 996 2771 v.
1020 2707 1145 2772 Villois.

386 2811 613 2893 κασίγνητος.
649 2832 687 2868 z
717 2808 827 2873 scholl.
857 2807 882 2870 Ω
910 2813 961 2872 47.
991 2808 1018 2871 O
1048 2811 1119 2872 545.
1164 2808 1225 2872 Hic
1255 2807 1412 2874 articulus

285 2930 323 2976 eo
350 2911 566 2976 memorabilis
593 2915 651 2988 est,
678 2909 771 2992 qvod,
800 2909 1066 2992 qvemcdmodum
1095 2911 1191 2974 Arist.
1222 2909 1357 2988 solebat,
1380 2911 1413 2974 iu
1528 2943 1529 2966 τ

284 3011 355 3076 loco
384 3012 520 3093 quodam
547 3011 718 3078 Homerico
741 3010 932 3094 explicando
954 3013 1079 3093 positus
1103 3018 1161 3077 est.
1206 3011 1310 3089 Quare
1333 3031 1414 3094 qvae

285 3133 304 3177 a
336 3113 509 3178 scholiasta
540 3114 574 3177 in
607 3113 740 3178 eandem
772 3112 962 3176 sententiam
995 3112 1211 3195 disputantur,
1245 3134 1265 3178 a
1302 3112 1413 3178 Fried-

283 3214 434 3280 laendero
457 3235 521 3279 non
544 3214 650 3279 addici
671 3213 863 3290 Aristonico,
886 3214 1001 3278 mirum
1023 3215 1101 3278 mihi
1124 3214 1258 3279 videtur.

385 3316 621 3400 καταθύμιος.
647 3339 686 3376 z
710 3315 776 3380 sch.
799 3315 830 3378 K
853 3319 926 3378 383.
949 3315 975 3380 Ρ
1000 3319 1072 3380 201.

385 3418 553 3482 κελαινόν
577 3418 677 3502 μέλαν.
703 3417 904 3502 [exciderunt
927 3418 1064 3482 fortasse
1087 3439 1158 3483 cum
1181 3417 1246 3482 alia
1261 3423 1330 3482 tum
1344 3437 1414 3482 uer·
1527 3461 1528 3464 =

283 3541 337 3586 sus
365 3520 381 3584 l
410 3523 428 3582 6
456 3525 537 3604 κῦμα
562 3518 693 3583 κελαινὸν
721 3520 887 3603 κορθύεται,
916 3541 978 3602 qve
1001 3527 1147 3601 spectare
1169 3519 1318 3584 videntur
1338 3540 1414 3584 mox

283 3623 458 3706 sequentia]
488 3621 520 3686 τὸ
549 3622 603 3707 γὰρ
634 3624 674 3706 μὴ
704 3621 861 3706 λεγόμενον
879 3626 935 3684 πᾶν
959 3621 1062 3684 λευκὸν
1086 3621 1175 3705 μέλαν
1199 3620 1357 3704 ἐνομίζετο.
1381 3619 1412 3682 τ“ο

282 3725 315 3788 δὲ
341 3725 599 3810 καλαινοφὲς*)
628 3726 813 3808 παραγώγως
841 3723 903 3786 ἴσον
926 3723 1030 3808 τούτῳ.
1074 3722 1136 3788 Hic
1158 3721 1347 3788 delitescere
1369 3721 1413 3786 vi-

283 3826 375 3892 detur
404 3827 545 3912 ἀπόρημα
572 3826 622 3892 vel
650 3826 793 3909 quaestio
821 3825 1114 3907 grammaticorum,
1137 3825 1248 3907 inepte
1268 3824 1326 3889 illa
1347 3823 1413 3906 qvi·
1526 3845 1527 3933 γ

384 3997 410 4064 *)
421 3996 482 4049 fort.
500 3994 622 4048 addenda
639 4011 705 4063 qvae
723 3993 772 4047 sub
784 3997 887 4064 τανύηκ.
903 3995 978 4046 eunti
997 3993 1035 4044 ἐπὶ
1048 3993 1093 4061 μὲν
1106 3997 1152 4046 τοῦ
1166 3991 1323 4063 ,κελαινεφὲς
1335 3991 1412 4061 αἴμα“

280 4079 429 4150 παράγωγον
446 4110 480 4120 -
502 4109 536 4120 -
559 4081 597 4132 iul
623 4080 649 4132 tr
671 4083 717 4132 τοῦ
740 4079 852 4148 ,uddone
875 4079 972 4148 pipere
993 4075 1160 4147 αελαινεφές,“
1183 4075 1300 4132 α’ννθττον
1324 4075 1414 4130 ducte-

281 4164 399 4233 δώααμεν
420 4163 450 4216 τὸ
468 4164 555 4234 ὄνομα.
