3098 4874
1210 389 1229 448 3

146 568 238 651 cujus
272 569 491 635 condicionem
523 567 597 631 Vill.
628 567 796 650 descripsit
823 567 970 652 Prolegg.
999 569 1133 653 XXXV)
1161 590 1272 652 neqve,
1328 632 1332 639 .

146 669 230 754 qvod
258 671 369 749 sciam,
397 670 453 735 alii
482 669 608 734 codices
635 668 741 733 adhuc
769 669 889 751 reperti
916 671 987 749 sint,
1011 670 1199 753 quibuscum
1220 671 1273 737 hic

145 773 327 855 comparari
360 773 473 854 possit,
506 771 723 836 recensionem
756 770 832 834 libri
864 775 1055 854 perpetuam
1083 793 1121 836 ac
1147 772 1272 856 legibus

144 875 240 939 certis
267 876 377 938 nixam
404 873 528 937 institui
555 871 677 937 nullam
704 893 809 955 posse,
833 873 933 954 quivis
955 873 1114 956 intelligit.
1159 875 1272 938 Dimit-

143 977 244 1041 tenda
270 977 371 1058 igitur
398 974 476 1038 mihi
504 975 630 1056 qvidem
658 980 706 1039 est
728 975 886 1058 ejusmodi
912 977 1067 1054 recensio,
1091 976 1130 1040 de
1154 997 1215 1058 qva
1236 977 1272 1042 F.

142 1078 181 1140 A.
205 1075 340 1140 Wolfius
363 1075 523 1159 (Prolegg.
547 1076 588 1140 ad
610 1075 704 1140 Hom.
728 1097 760 1157 p.
783 1076 800 1139 1
822 1077 887 1160 sq.)
909 1075 1004 1141 bene:
1028 1077 1132 1159 ,justa
1154 1083 1272 1156 autem,
1357 1104 1360 1108 ·

144 1177 257 1260 inqvit,
289 1177 442 1256 recensio,
474 1178 634 1243 bonorum
667 1178 956 1243 instrumentorum
983 1178 1124 1244 omnium
1152 1179 1274 1262 stipata

142 1278 313 1361 praesidio,
337 1279 453 1363 ubiqve
467 1299 576 1344 veram
591 1300 723 1343 manum
739 1279 906 1361 scriptoris
921 1279 1072 1359 rimatur3
1093 1281 1273 1363 scripturae

144 1380 304 1464 cujusque,
335 1402 400 1446 non
429 1381 525 1446 modo
554 1385 733 1462 suspectae,
760 1385 858 1444 testes
886 1380 999 1445 ordine
1024 1379 1213 1465 interrogat,
1241 1389 1274 1448 et

143 1503 237 1564 qvam
271 1503 380 1548 omnes
414 1487 570 1558 annuunt,
598 1501 663 1545 non
690 1481 750 1544 nisi
779 1481 974 1563 gravissimis
1004 1481 1042 1545 de
1071 1484 1174 1546 causis
1200 1483 1272 1549 loco

142 1589 261 1649 movet:
285 1584 350 1647 alia
371 1603 430 1664 per
453 1603 487 1648 sc
509 1583 667 1664 scriptore
689 1582 929 1664 dignissima-
947 1617 986 1628 -
1003 1603 1067 1647 non
1082 1583 1143 1648 nisi
1159 1583 1274 1649 suffra·

143 1686 273 1768 gatione
295 1685 423 1749 testium
445 1685 574 1765 recipit;
597 1682 684 1756 haud
706 1703 781 1748 raro
804 1683 894 1761 adeo,
918 1683 1105 1766 cogentibus
1122 1684 1194 1764 illis,
1211 1706 1273 1768 pro

142 1785 284 1850 venustis
310 1785 407 1850 infert
434 1785 538 1849 minus
565 1790 713 1864 venusta3
743 1784 925 1866 emplastris
948 1785 1059 1850 solutis
1082 1785 1192 1851 ulcera
1213 1809 1272 1851 nu-

142 1886 213 1966 dat3
241 1887 374 1969 denique
401 1906 465 1951 non
494 1890 673 1950 monstrata
700 1883 814 1964 solum,
841 1891 878 1950 ut
904 1885 980 1950 mali
1007 1887 1132 1966 medici,
1161 1887 1273 1954 sedet

140 1988 275 2054 latentia
301 1989 379 2053 vitia
406 1993 525 2053 curat.“
554 2019 597 2036 —·
623 2027 665 2036 —
693 2024 735 2034 -
763 1996 795 2052 et
824 1992 877 2070 „ut
903 1987 1076 2070 ingenium,
1105 1991 1189 2054 sicut
1210 2011 1273 2072 par

141 2095 199 2169 cst,
222 2091 475 2156 membranaceis
497 2089 657 2154 thesauris
672 2089 767 2172 longe
781 2088 958 2171 praeferas,
973 2089 1146 2170 plurimum
1163 2095 1272 2156 tamen

140 2193 275 2258 interest
295 2193 396 2275 ipsius
418 2191 547 2275 ingenii,
569 2211 663 2272 qvam
682 2190 839 2273 plurimos
856 2190 981 2256 codices
997 2191 1178 2273 comparari
1194 2194 1273 2256 etc.“

139 2293 249 2376 Neque
271 2300 390 2371 tamen,
412 2293 468 2358 ubi
489 2293 567 2356 vitis
589 2298 620 2356 et
645 2291 792 2356 maculae
814 2291 1001 2358 manifestae
1023 2293 1148 2358 lexicon
1167 2293 1272 2360 defor-

139 2395 275 2460 mabant
303 2402 335 2460 et
361 2395 532 2462 verborum
560 2415 688 2459 sensum
709 2394 1062 2477 paene-obscurabant,
1085 2395 1192 2461 facere
1213 2417 1272 2478 pc-

140 2499 197 2577 tui,
221 2499 297 2581 qvin
319 2499 416 2563 etiam
439 2498 471 2560 in
494 2502 586 2562 textu
609 2496 808 2562 emendando
831 2496 936 2562 obiter
951 2519 1107 2576 versarer,
1124 2519 1273 2580 praeser-

139 2600 197 2664 tim
221 2621 292 2664 cum
314 2599 347 2664 in
369 2599 431 2665 hoc
453 2599 565 2664 labore
587 2599 726 2664 fructum
747 2599 886 2682 ceperim
900 2599 988 2664 haud
1004 2599 1270 2665 contemnendum

140 2722 159 2767 e
180 2701 309 2766 scholiis
331 2701 509 2767 Homericis
532 2705 565 2764 et
585 2701 690 2785 Etym.
713 2699 767 2780 M,
790 2722 924 2784 quorum
947 2721 1007 2784 ope
1029 2702 1117 2766 locos
1138 2723 1272 2784 corrup·
1341 2774 1342 2777 Ἴ

139 2808 190 2869 tos
212 2825 308 2887 saepe
330 2804 408 2868 mihi
429 2804 515 2868 visus
535 2823 609 2868 sum
640 2803 866 2868 emendavisse.
903 2803 1020 2880 Quodsi
1040 2809 1147 2868 tamen
1168 2795 1272 2868 mino-

139 2926 179 2971 ra
205 2927 297 2989 qvam
332 2906 458 2988 speravi
491 2905 695 2988 praestitero,
725 2905 879 2970 solacium
907 2905 985 2968 mihi
1013 2903 1149 2970 afferent
1175 2926 1271 2988 prae-

140 3007 229 3072 clara
255 3007 312 3072 illa
339 3006 481 3091 ejusdem
508 3005 631 3072 Wolfii:
655 3005 723 3088 ,qvi
746 3006 874 3088 optimis
896 3005 1046 3071 subsidiis
1068 3007 1118 3072 vel
1140 3008 1272 3074 minime

138 3109 325 3188 instructus,
348 3109 537 3191 scriptorem
557 3108 649 3173 nobis
665 3107 914 3174 emendatiorem
930 3108 1045 3188 reddit,
1061 3110 1127 3174 sive
1140 3110 1271 3194 ingenio

139 3231 208 3290 suo,
231 3211 296 3276 sive
317 3231 493 3294 paucorum
516 3209 672 3274 librorum
694 3230 769 3288 usu3
798 3211 940 3292 qvamvis
961 3211 1014 3275 vix
1036 3211 1171 3294 triginta
1192 3232 1268 3276 nae·

138 3333 195 3379 vos
222 3313 396 3389 sustulerit,
426 3318 552 3378 centum
581 3310 749 3394 relinquat,
773 3332 845 3376 eum
867 3316 975 3377 tamen
998 3333 1091 3378 nemo
1114 3313 1270 3378 debonis

84 3495 86 3498 ¹
138 3416 254 3482 litteris
275 3417 358 3482 bene
379 3416 495 3480 mereri
516 3418 638 3498 neget.“
