3098 4874
330 391 370 450 66

283 594 360 639 vero
388 574 543 638 memoria
571 573 696 655 lapsus:
726 573 843 638 δέδεκτο
872 574 962 642 δέπας
989 571 1171 658 Ἀχιλλεύς),
1195 573 1253 636 οἷον
1277 580 1314 657 τῇ
1336 573 1413 658 δεξιᾷ

284 675 430 761 προέπιεν.
460 711 502 722 -
530 713 571 722 -
598 675 718 752 Quibus
745 675 864 758 respici
891 681 969 758 puto
998 675 1082 740 hane
1105 675 1412 740 observationemzl

285 781 348 841 224
375 780 395 862 ἡ
425 779 512 860 διπλῆ
541 777 613 861 πρὸς
636 778 668 839 et
691 776 770 854 ἔθος,
794 777 837 840 δτι
858 780 957 863 πλήρη
981 801 1007 840 κ.
1031 777 1065 840 οὐ
1087 778 1158 840 κενὰ
1180 778 1328 862 προέπιον,
1350 778 1414 863 ope·

282 903 382 962 γοντες
403 879 439 942 τὰ
461 881 595 963 ποτήρια.

386 998 515 1066 δειλός.
549 997 625 1061 Lex.
642 996 838 1080 respondent
854 996 964 1062 seholl.
987 997 1019 1060 W
1036 999 1086 1060 65.
1103 997 1134 1060 X
1146 1001 1196 1060 31.
1209 997 1234 1060 Ρ
1247 1001 1297 1060 38.
1311 1021 1326 1060 ε
1339 1001 1410 1062 299.

386 1116 584 1200 διδυμάονε
612 1117 726 1199 δίδυμοι
753 1097 875 1201 οίδελφοὶ
903 1117 930 1178 οἱ
957 1115 1169 1200 κεχωρισμένοι
1190 1120 1248 1184 τοῖς
1270 1119 1409 1201 σώμασιν·

283 1221 309 1282 οἱ
332 1219 365 1281 δὲ
387 1221 530 1303 συμφυεῖς
553 1219 696 1301 δίδυμοι
718 1217 859 1300 λέγονται.
905 1217 957 1282 Ita
979 1216 1178 1300 Apollonius
1195 1237 1326 1294 memor,
1344 1218 1412 1300 opi·

263 1341 352 1399 nor,
376 1321 503 1384 Actoris
525 1319 674 1396 filiorum,
698 1319 737 1384 de
760 1319 873 1400 qvibus
896 1319 926 1382 W
949 1323 1008 1383 641
1035 1320 1062 1381 οί
1084 1321 1110 1381 δ’
1134 1317 1180 1402 ἄρ’
1205 1317 1272 1382 ἔσαν
1297 1321 1409 1402 διδομοι

282 1460 323 1471 -
348 1459 387 1470 -
417 1427 449 1486 et
477 1421 585 1486 schot:
615 1420 809 1505 Ἀρίσταρχος
835 1421 868 1483 δὲ
895 1420 1034 1505 δίδίμους
1063 1421 1163 1483 ἀκούει
1185 1420 1242 1504 οὐχ
1263 1425 1304 1488 ὡς
1326 1425 1412 1506 ἡμεῖς

282 1525 312 1588 ἐν
340 1530 376 1608 τῇ
405 1524 546 1608 συνηθείᾳ
573 1561 614 1571 -
638 1559 677 1570 -
701 1524 756 1586 οἷοι
784 1561 824 1570 -
848 1523 874 1584 οἱ
900 1521 1080 1606 Διόσκουροι,
1103 1523 1178 1584 ἀλλὰ
1200 1521 1268 1590 τοδς
1290 1525 1410 1608 διφυεῖς,

282 1627 335 1690 δύο
359 1625 481 1709 ἔχοντας
504 1613 628 1707 σώματα
650 1659 692 1672 -ν
714 1649 741 1686 κ.
765 1625 831 1692 τοδς
854 1625 1081 1709 συμπεφυκότας
1103 1625 1250 1707 ἀλλήλοις.

386 1746 567 1828 δίσκουρα.
613 1743 660 1806 of.
684 1743 783 1808 schol.
809 1743 839 1806 Ψ
862 1746 934 1808 523.
978 1745 1042 1808 Pro
1058 1745 1155 1806 δίσκου
1173 1743 1238 1827 ὅρια
1254 1744 1326 1808 Vill.
1343 1765 1410 1809 ma·

282 1847 343 1912 luit
365 1846 449 1932 οὖροι,
473 1847 512 1911 ef.
538 1847 567 1909 W
591 1851 662 1909 431.

386 1967 402 2030 ἕ
429 1965 628 2050 ἐγκλινόμενον
658 1965 708 2049 μὲν
741 1965 827 2028 αὐτὸν
851 1965 870 2048 ἢ
895 1963 985 2049 αὐτὴν
1008 1966 1028 2049 ἢ
1053 1964 1123 2028 αὐτὸ
1147 1967 1280 2050 σημαίνει
1302 1966 1324 2028 Δ
1348 1968 1410 2031 534

282 2069 308 2133 cit
331 2067 358 2132 A
383 2072 454 2132 236.
479 2067 725 2153 ὀρθοτονοὺμενον
749 2067 782 2130 δὲ
804 2069 891 2151 δηλοῖ
910 2067 1012 2130 ἑαυτὸν
1036 2068 1055 2152 ἢ
1080 2067 1198 2152 ἑαυτὴν,
1215 2069 1273 2130 οἷον
1291 2067 1320 2130 Ψ
1337 2071 1408 2130 203.

385 2189 421 2251 ἑέ
437 2187 500 2251 κατ’
525 2187 675 2251 ἐπέκτασιν
698 2192 749 2251 τοῦ
772 2188 789 2250 ἕ
810 2189 871 2250 ἀντὶ
893 2192 945 2252 τοῦ
968 2189 1054 2250 αὑτὸν
1078 2186 1103 2250 Ω
1130 2192 1199 2264 134,
1216 2189 1264 2250 καὶ
1280 2188 1342 2250 ἀντὶ
1357 2191 1410 2250 τοῦ

283 2288 369 2351 αὐτὸν
393 2287 418 2350 o
443 2292 513 2352 532.
536 2327 578 2337 -
602 2289 681 2352 Cum
704 2290 754 2353 his
777 2289 886 2354 confer
909 2288 1007 2354 schol.
1032 2289 1073 2353 ad
1095 2289 1116 2352 6
1138 2293 1198 2352 396
1215 2288 1412 2374 Ἀρίσταρχος

283 2393 335 2476 τὴν
363 2391 522 2474 ἑέγκλίνει
542 2394 591 2454 καὶ
608 2390 796 2476 Ἡρωδιανίς.
823 2391 863 2456 Η.
887 2389 912 2453 n
944 2395 1004 2455 134
1027 2390 1073 2454 ἑέ;
1097 2395 1116 2476 ἡ
1141 2394 1227 2475 διπλῆ
1251 2393 1295 2454 ὅτι
1318 2392 1412 2460 οὕτως

283 2493 361 2556 εἶπεν
384 2493 447 2556 ἀντὶ
469 2497 520 2556 τοῦ
543 2493 657 2569 ἑαυτόν,
681 2493 726 2556 ἑέ.

385 2595 477 2659 ἕθεν·
507 2595 573 2674 ,οὓς
600 2595 667 2658 ἕθεν
696 2593 779 2657 εἵνεκ’
810 2593 938 2678 ἔπασχον
967 2641 975 2656 .
1000 2641 1008 2656 .
1033 2593 1070 2680 (Γ
1102 2589 1174 2676 128)
1203 2597 1264 2657 ἀντὶ
1285 2600 1338 2662 mo
1361 2595 1414 2664 οδς

284 2697 384 2782 αὐτῆς,
412 2699 477 2760 καὶ(ι
506 2735 548 2746 -
575 2733 618 2746 --
645 2699 701 2782 πρὸ
730 2697 796 2760 ἕδεν
825 2697 980 2760 κλονέοντα
1008 2697 1176 2782 φάλαγγας“
1205 2697 1247 2780 (E
1270 2701 1326 2782 96)
1349 2697 1414 2761 ἀντὶ

283 2805 334 2864 τοῦ
358 2801 408 2869 τὰς
430 2801 486 2885 πρδ
510 2802 602 2864 αὑτοῦ
624 2800 780 2862 κλονέοντα
802 2801 903 2868 τάξεις.
949 2800 1062 2864 Nonne
1084 2820 1143 2881 pro
1167 2799 1292 2864 diversa
1315 2801 1413 2883 signi·

281 2901 430 2966 ficatioue
453 2902 576 2967 diverso
599 2903 694 2966 modo
717 2902 941 2967 scribendum?
964 2901 1002 2964 In
1024 2901 1047 2964 Γ
1072 2905 1142 2978 128,
1165 2901 1220 2965 ubi
1242 2923 1302 2983 pro
1320 2902 1414 2986 αὐτῆς

282 3002 377 3079 valet,
401 3005 462 3067 erit
484 3004 688 3068 scribendum
711 3003 856 3068 enclitiee
879 3004 956 3078 ἑθεν,
979 3005 1012 3066 iu
1034 3003 1062 3066 Ε
1085 3007 1135 3081 96,
1151 3003 1207 3066 ubi
1222 3003 1412 3068 reflexinum

283 3109 340 3182 est,
369 3105 445 3169 ἕδεν.
475 3141 512 3152 -
542 3106 631 3169 Haeo
661 3107 803 3188 qvamvis
832 3111 985 3187 excerpta
1014 3110 1046 3170 et
1072 3105 1204 3168 nimium
1234 3111 1412 3184 eontracta,

282 3213 389 3272 tamen
412 3207 590 3271 Aristarchi
611 3207 801 3271 sententiam
822 3206 975 3285 referunt,
996 3213 1033 3271 ut
1053 3212 1144 3289 petet
1159 3207 1283 3272 collatis
1299 3206 1411 3272 scholl.

282 3309 457 3375 Herodiani
480 3309 521 3373 ad
546 3309 572 3370 A
598 3313 667 3372 114.
692 3308 715 3372 Γ
739 3313 809 3372 128.

386 3411 458 3474 Ηυο
486 3411 582 3474 etiam
610 3411 729 3474 assumi
762 3410 870 3494 placet
891 3410 1012 3488 vocab„
1037 3409 1076 3474 de
1099 3430 1160 3493 qvo
1183 3410 1294 3474 eadem
1318 3429 1412 3491 pree-

285 3513 457 3596 cipiuntur,

385 3614 485 3699 σφίσι
512 3613 585 3676 κατὰ
614 3614 665 3696 μὲν
693 3614 741 3676 τὸν
770 3613 857 3698 ὀρθὸν
887 3613 967 3676 τόνον
996 3613 1043 3676 ἐπὶ
1070 3617 1122 3675 τοῦ
1144 3614 1268 3688 ἑαυτοῖς,
1291 3614 1355 3691 ,τὸν
1379 3613 1413 3675 δὲ

282 3717 497 3801 δυωδεκάβοιον
533 3715 574 3777 ἐνι
600 3715 692 3800 σφίσιν
721 3717 778 3778 τίον
806 3751 847 3762 -·
871 3751 910 3762 -—
935 3715 982 3798 (W
1010 3718 1096 3797 703),
1125 3715 1199 3778 κατὰ
1228 3716 1261 3777 δὲ
1289 3713 1411 3797 ἔγκλισιν

284 3821 331 3882 ἐπὶ
358 3825 409 3882 τοῦ
439 3819 547 3892 αὐτοῖς,
576 3818 643 3901 ,ἐπί
662 3837 726 3902 σφιν
751 3817 947 3901 [legendumz
972 3817 1038 3880 ἐπεί
1056 3818 1161 3902 σφισιν]
1185 3817 1262 3901 ἕρμα
1284 3817 1411 3900 estque

283 3919 325 4004 (H
349 3923 424 4004 549)
447 3955 489 3967 -
512 3941 625 4001 porro:
649 3919 779 4004 σφέασ,
803 3919 876 3982 κατὰ
899 3917 1031 4002 ἔγκλισιν,
1055 3920 1117 3982 οίντλ
1139 3923 1190 3981 τοῦ
1214 3918 1330 3986 αὐτούς.

368 4022 468 4085 Lehrs
504 4021 644 4098 Quaestt.
676 4021 736 4104 Ep.
766 4042 797 4103 p.
828 4025 899 4084 115:
929 4021 1194 4104 „Reprehendunt
1221 4020 1410 4104 Apollonius

282 4123 438 4209 Dyscolus
466 4129 498 4187 et
526 4123 729 4188 Herodianus
751 4123 985 4202 Aristarche0s‚
1009 4125 1092 4206 qvod
1114 4125 1217 4208 legem
1239 4123 1411 4188 statuerint

282 4228 321 4292 de
350 4224 591 4308 pronominibus
619 4225 734 4290 tertiae
762 4246 918 4307 personae
945 4226 1124 4308 primitivis,
1151 4227 1207 4290 ubi
1235 4232 1322 4290 recto
1343 4245 1409 4289 -υσ-
