3098 4874
1157 319 1252 384 ⁴73

163 522 250 580 rem3
274 500 359 564 unde
382 499 502 564 tactum
527 499 673 576 fortasse,
696 500 787 563 utin
809 500 918 581 priore
934 499 1076 565 membro
1094 500 1205 566 deesse
1224 523 1297 584 pos-

164 603 223 668 sit:
251 603 286 665 in
313 601 415 666 altero
439 601 528 683 qvasi
551 601 674 680 majore
696 601 834 682 quadam
857 602 887 666 vi
908 603 1030 680 incidit,
1054 608 1209 685 tanquam
1231 605 1298 686 pri·

166 725 223 770 ore
246 703 349 768 omnis
373 701 531 768 dubitatio
553 703 693 766 nondum
717 704 796 767 satis
819 725 970 785 expressa
993 711 1025 768 et
1047 705 1215 770 declarata
1231 706 1298 769 sit.“

166 805 242 890 (Op.
273 805 325 868 cii.
354 825 386 885 p.
411 804 477 888 52).
501 841 542 852 -
565 804 738 870 Herodian.
762 805 805 869 ad
827 807 855 867 A
880 809 940 870 190
963 808 1098 890 διάνδιχα
1122 810 1299 892 μερμήριζεν

165 907 204 992 ἠέ
226 944 267 952 -
290 905 328 990 ἦε
350 905 439 988 χόλον
462 906 595 968 παύσειε;
620 907 667 968 τὸν
692 907 744 989 μὲν
767 906 907 991 πρότερον
930 907 1090 992 σύνδεσμον
1110 909 1300 992 βαροτσνητέ-

167 1031 211 1085 ον,
239 1009 287 1070 τὸν
311 1009 344 1069 δὲ
366 1007 501 1091 δεύτερον
525 1007 742 1091 περισπαστέον.
767 1010 958 1093 διαπορητικὴ
982 1010 1037 1094 γάρ
1060 1011 1134 1072 ἐστιν
1157 1014 1176 1094 ἡ
1200 1011 1300 1073 σύντα-

168 1111 219 1180 ξις.
268 1107 426 1174 Sescenta
459 1108 532 1174 alia.
577 1109 689 1173 Totam
723 1109 899 1174 Herodiani
933 1111 1112 1176 doctrinam
1140 1111 1300 1176 Arcadius

170 1214 218 1296 (p.
249 1212 324 1294 185)
353 1209 403 1274 his
430 1209 570 1274 breviter
597 1210 739 1292 expedit:
768 1211 784 1274 6
811 1214 831 1296 η’
861 1212 1021 1295 σύνδεσμος
1048 1215 1097 1276 καὶ
1123 1214 1253 1283 ὀξύνεται
1273 1237 1300 1276 κ.

169 1317 353 1396 περισπᾶται.
387 1314 436 1374 καὶ
479 1313 564 1396 ἡνίκα
598 1313 649 1438 μὲν
684 1313 834 1396 εύρεδῇδ
837 1313 904 1376 ιαπύ
874 1334 987 1478 δὲριοσις
1016 1316 1090 1398 μετὰ
1118 1315 1300 1392 διαζεύξεως,

168 1415 276 1478 τότε
264 1437 280 1476 ο
307 1414 386 1498 ἢέν
416 1420 452 1496 τῇ
483 1415 563 1476 ἀ
503 1437 563 1498 ρχῃ
587 1412 629 1476 ὢν
652 1414 843 1490 diducentis
874 1417 974 1500 δὲτῷ
1009 1416 1089 1501 μέσῳ
1117 1422 1300 1500 περισπᾶται.

168 1517 256 1602 ἡνίκα
289 1517 370 1578 δὲε
372 1516 466 1600 apellat
496 1515 582 1578 διαπύ
585 1535 667 1599 ρησις
694 1514 763 1578 ἄνευ
792 1517 975 1592 διαζεύξεως,
1004 1516 1069 1579 τότε
1098 1517 1113 1579 6
1143 1520 1206 1602 ἠε
1191 1518 1301 1581 εἶτεέν

169 1620 296 1702 ἀρχῇε
281 1617 396 1680 εένῖτε
382 1617 505 1703 νμέσιρ
533 1623 715 1702 περισπᾶται.
760 1618 879 1682 Poste
861 1624 959 1682 earm
981 1620 1142 1684 notionem
1166 1619 1303 1684 fortasse

169 1719 328 1785 excidisse
350 1724 445 1800 putat
431 1720 575 1797 t,Lehrs
599 1720 682 1801 qvod
706 1719 928 1784 observassent
914 1726 1002 1785 ttve
1004 1742 1073 1785 eres
1091 1729 1250 1804 grammat
1251 1721 1302 1799 ici,

168 1821 205 1884 in
233 1818 418 1884 formula''
397 1845 418 1904 η
446 1819 572 1904 θέμιςέ
573 1821 619 1882 στί
644 1820 829 1886 adverbium
858 1843 927 1886 esee
955 1825 975 1906 ἥ
999 1823 1141 1906 ejusdem
1164 1845 1205 1888 no
1208 1823 1303 1888 tionis

170 1942 211 1988 eo
232 1925 284 1996 ὡς,
308 1927 340 1985 et
361 1927 397 1984 ut
420 1922 494 1986 huic
516 1943 612 2004 saepe
634 1923 774 1987 addatur
796 1947 837 2000 τε,
861 1943 901 1987 ex
923 1945 984 2006 qvo
1007 1925 1065 1988 fiat
1086 1927 1173 2005 ὥστε,
1195 1926 1243 1989 ita
1265 1946 1305 1989 ex

169 2023 238 2101 illa,
270 2022 381 2087 eadem
410 2024 524 2088 vocula
551 2024 709 2102 addenda,
736 2027 790 2108 ἥτε
813 2025 957 2088 evadere.
1001 2025 1130 2090 Putavit
1153 2027 1236 2089 enim
1258 2025 1305 2088 lo-

172 2147 247 2190 cum
275 2124 432 2206 quendam
458 2125 491 2188 iu
519 2126 638 2190 Aneod.
662 2125 766 2189 Crem.
790 2124 806 2188 l
827 2147 859 2206 p.
885 2129 956 2202 192,
980 2125 1019 2189 de
1042 2127 1091 2190 his
1113 2127 1160 2190 ita
1181 2126 1306 2206 praeci·

171 2229 324 2309 piantem,
348 2224 389 2288 ab
412 2226 574 2307 Apollonii
596 2227 698 2292 lexico
716 2226 919 2308 desumptum
936 2247 1014 2291 esse.
1049 2226 1203 2311 (Quaestt.
1222 2227 1305 2308 Epp.

177 2327 307 2410 44Usq).
353 2328 400 2392 ef.
424 2329 522 2392 schol.
546 2327 571 2390 Θ
597 2333 667 2392 111.

281 2429 320 2494 In
352 2430 449 2496 rebus
481 2429 661 2512 prosodicis
690 2429 806 2494 multos
835 2435 909 2494 ante
937 2429 1166 2505 Herodianum,
1195 2431 1247 2511 qvi
1274 2429 1308 2492 in

178 2531 241 2596 hoc
268 2532 446 2598 studiorum
470 2553 583 2616 eampo
606 2531 701 2598 facile
723 2533 873 2615 princeps
896 2532 1144 2608 habendusest,
1167 2531 1308 2594 Aristar·
1394 2531 1397 2540 ’

179 2634 277 2698 cheos
298 2640 442 2699 versatos
466 2655 544 2710 esse,
568 2635 768 2700 notissimum
792 2640 849 2700 est.
893 2633 1033 2711 Quorum
1056 2633 1181 2716 quidem
1199 2631 1306 2696 Ptole-

179 2755 307 2800 maeum
351 2735 569 2800 Ascalonitam
609 2743 641 2802 et
678 2736 911 2819 Tyrannionem
951 2737 1105 2799 minorem
1143 2735 1310 2817 specealius

174 2834 334 2922 Ὁμηρικοῖς
356 2838 522 2919 scripsisse
545 2836 663 2902 sudas
682 2837 791 2902 tradit.
835 2836 984 2919 (Sengeb.
1005 2836 1088 2900 Dies.
1110 2835 1204 2898 Hom.
1225 2833 1242 2898 I
1260 2839 1310 2912 37,

182 2943 238 3016 383
261 2940 363 3004 Lehrs
385 2941 440 3004 Ar.
465 2940 530 3021 29).
574 2939 633 3004 His
654 2939 754 3020 igitur
776 2945 832 3003 aut
854 2939 936 3002 forte
958 2938 1020 3018 ipsi
1041 2937 1232 3000 Aristarcho
1256 2956 1311 3000 au·

182 3040 264 3105 ctori
291 3040 496 3122 Apollonium
525 3039 641 3104 debere
663 3040 814 3122 putarim,
838 3060 918 3122 qvae
940 3039 1035 3121 hujus
1058 3037 1184 3121 generis
1207 3057 1313 3120 pauca

181 3141 236 3206 hic
257 3142 291 3204 in
313 3141 452 3206 medium
474 3141 607 3223 profert.
1326 3217 1328 3221 ι

286 3243 355 3328 ἤδη
384 3247 470 3306 τοῦτο
497 3243 677 3326 ἀύριστονκ.
701 3241 835 3325 χρονικδν
820 3239 992 3322 ν(ΤοΙΙίαε
1014 3239 1082 3304 vult
1069 3238 1237 3324 1ἀύριστον
1263 3241 1312 3302 τὸν

182 3347 300 3432 χρόνον,
330 3345 369 3410 de
396 3367 457 3428 qvo
484 3351 592 3410 tamen
620 3343 746 3422 dubito;
775 3365 802 3408 ν.
830 3341 968 3425 EttM.)
998 3343 1090 3424 δηλοῖ.
1114 3341 1161 3404 ἐπὶ
1184 3341 1313 3425 μὲνγὰρ

186 3447 454 3534 παρῳχημένοοκ.
478 3470 502 3510 τ.
526 3450 553 3524 λ,
597 3444 888 3528 Articulussstym.
908 3443 965 3508 Mzi
983 3443 1024 3508 ab
1043 3442 1148 3524 Apoll.
1168 3449 1314 3524 sumptus

186 3570 254 3615 esse
282 3549 369 3616 videt
356 3555 430 3618 tur:¹
449 3550 482 3612 τδ
509 3549 568 3633 ἤδη
598 3546 729 3633 ἀόριστόν
753 3547 882 3616 ἐστικαὶ
904 3551 979 3630 τρεῖς
1001 3544 1127 3629 χρόνους
1150 3547 1243 3628 δηλοῖ·
1268 3545 1315 3606 ἐπὶ

188 3651 239 3734 μὲν
273 3655 325 3712 τοῦ
358 3671 519 3736 παρῳχημ.
553 3673 579 3712 κ.
615 3673 639 3712 τ.
674 3653 700 3712 λ.
734 3668 867 3730 prorsus
901 3647 1167 3729 qvemadmodum
1195 3651 1314 3710 noster.

188 3753 302 3835 Itaque
330 3753 500 3818 emendare
528 3751 657 3816 mallem
684 3751 792 3836 ἀόριστ.
821 3773 848 3814 κ.
877 3755 952 3834 τρεῖς
973 3754 1099 3834 χρόνους
1121 3751 1213 3831 δηλοῖ·
1259 3749 1316 3810 At-

188 3876 248 3938 que
279 3855 435 3938 integrior
468 3854 521 3918 hic
553 3859 681 3918 servata
715 3853 840 3918 videtur
867 3851 979 3914 Aristi
1008 3849 1185 3928 annotatio,
1217 3869 1313 3932 qvam

186 3958 221 4022 in
243 3957 334 4022 schol
366 3956 408 4020 ad
430 3954 454 4018 Γ
479 3958 540 4018 184
562 3991 658 4003 -—-
681 3955 725 4018 ὅτι
746 3989 841 4002 --··
863 3954 1062 4038 παραλλήλοις
1084 3989 1178 4002 --
1201 3950 1234 4014 τὸ
1257 3951 1316 4036 ἤδη

188 4065 231 4145 τῷ
255 4058 337 4124 ποτέ.

291 4161 406 4244 ἠθεῖε.
431 4183 470 4219 .-.
494 4158 605 4224 scholl.
628 4158 658 4222 K
681 4161 731 4221 37.
758 4157 787 4220 Ψ
810 4161 861 4221 94.
