3108 4870
1206 309 1246 370 83

158 487 321 573 placuisse
344 495 481 571 apparet
504 509 521 553 e
544 489 643 553 schol.
667 488 692 551 Θ
716 493 788 556 321.
832 490 934 556 Porro
958 491 1043 574 qvod
1065 491 1083 554 ὅ
1104 492 1138 555 in
1161 492 1191 554 Ψ
1207 495 1225 555 9
1244 499 1292 557 est

159 615 201 652 :¹-
226 591 269 668 τὸ,
291 590 376 654 idem
398 591 432 654 in
455 590 554 656 schol.
580 591 609 654 Ψ
631 594 661 656 9.
705 593 809 674 Atqve
831 613 895 657 non
918 593 1021 658 solum
1039 593 1212 657 articulum
1230 593 1292 678 (ἄρ-

157 695 232 779 θρον
261 693 486 778 προστακτικόν)
513 692 569 757 sed
598 693 695 758 etiam
721 715 813 776 pron.
840 695 964 759 relativ.
993 695 1056 780 (ἄρ.
1085 695 1290 783 ὑποτακτικόν)

158 817 221 880 pro
246 795 499 860 demonstrativo
522 795 606 864 οὗτος
627 797 788 878 usurpari,
811 796 917 879 Apoll.
940 797 1063 861 indicat
1084 817 1109 860 s.
1133 819 1160 862 v.
1185 797 1232 865 ὅς.

265 897 343 983 οἶος
365 902 397 962 et
420 897 541 960 οἰόθεν
566 897 650 966 οίος.
673 925 716 955 =
738 898 804 962 sch.
827 897 858 961 H
882 883 942 962 39.

266 1001 403 1064 οἰδάνει
426 1001 548 1064 οἰδάνειν
571 1004 655 1063 ποιεῖ·
678 999 694 1063 Ι
718 1002 790 1063 554.
823 999 969 1065 Eundem
986 1021 1080 1064 usum
1097 1001 1293 1084 singularem

158 1102 261 1168 schol.
286 1107 430 1181 annotat,
454 1102 590 1167 addens:
615 1101 714 1186 ὅμοιον
738 1109 779 1188 τῷ
802 1140 844 1150 -
866 1139 909 1150 -—
931 1101 1028 1166 ἔλπει“
1045 1103 1077 1188 (β
1093 1103 1149 1186 91)
1162 1102 1224 1166 ἀντὶ
1240 1107 1292 1166 τοῦ

159 1205 285 1276 ἐλπίζειν
308 1208 394 1268 ποιεῖ.

265 1307 407 1390 ὁμοιίου
436 1306 622 1391 πολέμοιο.
667 1305 729 1370 Η1ο
755 1305 835 1370 nihil
857 1305 974 1383 obstat,
999 1306 1166 1387 qvominus
1188 1307 1293 1389 ipsam

159 1409 342 1473 Aristarchi
358 1409 658 1490 interpretationem
676 1428 770 1489 qvam
782 1407 1021 1489 integerrimam
1032 1405 1186 1489 legamus.
1209 1408 1293 1472 Nam

158 1532 262 1594 neqve
295 1510 387 1588 falsa,
422 1532 516 1593 qvam
543 1510 611 1574 ille.
626 1509 714 1592 diple
741 1509 890 1591 apposita
918 1508 1039 1590 rejecit,
1068 1509 1292 1590 interpretatio

160 1613 281 1678 omissa
310 1619 368 1690 est,
397 1619 429 1677 et
451 1612 526 1694 qvid
548 1613 617 1694 ipse
640 1611 680 1676 de
701 1612 764 1676 hac
785 1631 863 1675 voce
885 1611 923 1691 (A
946 1613 1007 1673 315
1031 1610 1126 1693 alias)
1150 1611 1292 1690 sentiret,

160 1714 290 1779 disertis
318 1714 424 1778 verbis
452 1714 584 1778 dicitur:
613 1715 640 1776 οί
669 1715 720 1797 μὲν
743 1713 967 1798 γλωσσογράφοι
989 1717 1041 1775 τοῦ
1064 1717 1165 1776 κακοῦ·
1190 1713 1293 1777 ἀπίθα-

159 1840 209 1880 νον
239 1818 272 1879 δὲ
299 1821 396 1882 τοῦτο.
420 1812 560 1900 Ὅμηρος
587 1815 642 1900 γὰρ
670 1821 740 1879 πᾶσι
767 1816 800 1878 τὸ
827 1816 985 1900 συμβαῖνον
1009 1815 1118 1899 ὁμοίιον
1141 1818 1229 1899 λέγει,
1252 1821 1293 1885 ὡς

159 1919 211 1982 καὶ
239 1919 272 1981 τὸ
294 1924 388 2004 γῆρας
410 1943 437 1981 κ.
461 1919 509 1980 τὸν
532 1918 669 1981 θάνατον·
693 1919 787 1985 οὕτως
810 1916 860 1980 οὖν
882 1941 909 1980 κ.
933 1919 981 1980 τὸν
1005 1917 1143 2000 πόλεμον.
1168 1919 1217 1981 ὅτε
1241 1921 1291 2003 μὲν

158 2021 215 2105 γὰρ
245 2021 278 2082 τὸ
305 2027 400 2106 γῆρας
428 2020 623 2105 (exemplum
651 2020 771 2102 excipit
797 2019 822 2082 Δ
850 2021 926 2102 315)
945 2022 1006 2083 κτλ.
1052 2019 1292 2084 Of.soh01.in-

158 2122 334 2187 terlineare
359 2123 467 2204 itaque
495 2121 687 2204 exignum*)
719 2121 743 2183 A
771 2123 848 2183 315:
878 2120 921 2182 ὅτι
949 2121 975 2182 οἱ
1002 2123 1164 2202 γλωσσογρ.
1188 2121 1236 2203 ὁρ.
1260 2122 1293 2184 τὸ

159 2224 266 2306 κακίν;
289 2231 321 2288 et
342 2248 360 2307 γ
383 2228 445 2288 236
469 2224 625 2312 (θάνατον)
647 2223 741 2286 κοινὸν
765 2223 883 2308 φυσικὸν
907 2223 955 2284 τὸν
978 2226 1062 2285 πᾶσιν
1086 2223 1195 2306 ὁμοίως
1211 2223 1294 2308 ἐπερ-

158 2326 297 2412 χόμενον·
320 2326 357 2390 Β.
380 2327 418 2392 E.
443 2325 478 2403 Q.

266 2429 421 2492 ὀνείατα·
473 2427 737 2492 observationem
771 2426 951 2490 Aristarchi
985 2427 1094 2508 (πάντα
1127 2428 1162 2490 τὰ
1196 2426 1292 2512 ὄνησιν

160 2531 343 2616 παρέχοντα)
376 2532 437 2612 Ap.
466 2529 614 2608 servavit,
643 2549 742 2611 quare
776 2550 848 2593 cum
883 2528 982 2593 schol.
1016 2528 1113 2611 plane
1145 2529 1293 2613 congruit

160 2631 186 2696 Ω
210 2636 283 2697 367.
305 2632 407 2697 Lehrs
429 2635 484 2696 Ar.
511 2635 581 2695 150.

265 2734 506 2819 ὀνειροπόλος
530 2759 568 2794 --
593 2733 692 2799 schol.
715 2721 743 2797 E
768 2736 839 2797 149.
885 2733 931 2797 Of.
955 2732 1079 2798 Villois.
1102 2736 1163 2816 Ap.

263 2838 462 2922 ὁπλότερος
489 2838 505 2900 ὁ
533 2836 608 2900 κατὰ
636 2838 688 2920 τὴν
718 2837 860 2920 σύγκρισιν
887 2838 1040 2920 νεώτερος.
1085 2835 1176 2900 Haec
1197 2838 1294 2904 exilia

158 2938 260 3004 rerba
286 2959 438 3022 quorsum
465 2939 608 3017 tendant,
632 2938 684 3002 vix
706 2938 870 3018 sciremus,
893 2939 955 3001 nisi
978 2938 1100 3003 scholia
1122 2938 1215 3004 nobis
1238 2941 1294 3006 do·

160 3041 298 3106 ctrinam
315 3041 525 3106 tradidissent
542 3039 753 3105 disertiorem.
781 3039 809 3103 E
826 3039 941 3121 quibus
952 3039 1022 3122 jam
1040 3040 1183 3106 videmus
1198 3044 1294 3108 A:um

159 3143 358 3223 observasse,
375 3144 567 3209 vocabulum
585 3141 744 3226 ὁπλότερος
761 3162 935 3224 numquam
948 3143 1185 3228 ἀπολελυμένος,
1198 3166 1293 3211 sensu

159 3247 320 3326 absoluto,
343 3247 502 3331 qvomodo
524 3250 677 3331 νεώτερος,
699 3245 783 3328 qvod
806 3266 902 3328 saepe
924 3246 1009 3312 idem
1031 3248 1137 3314 valeat
1158 3270 1197 3313 ac
1218 3249 1292 3332 νέος,

158 3351 322 3433 usurpari,
351 3349 408 3414 sed
434 3370 560 3432 semper
587 3353 783 3433 συγκριτικῶς,
811 3348 858 3412 ita
885 3354 922 3412 ut
949 3351 991 3414 ad
1019 3351 1293 3433 comparationem

159 3473 212 3518 res
239 3458 408 3517 revocetur
432 3452 468 3537 (A
491 3451 704 3534 324soh01.);
727 3470 826 3532 qvare
850 3471 922 3514 cum
945 3450 969 3514 Ξ
993 3455 1054 3515 267
1079 3451 1209 3518 dicitur:
1238 3476 1293 3538 χα-

160 3556 247 3639 ρίτων
264 3555 462 3638 ὁπλοτεράων,
481 3555 518 3617 Α.
539 3553 699 3636 duplicem
715 3552 824 3634 posuit
842 3552 1009 3618 Charitum
1027 3555 1160 3638 stirpem
1178 3555 1292 3640 (schol.

158 3654 264 3737 ibid).
309 3656 410 3722 Lehrs
432 3657 488 3720 Ar.
510 3677 542 3738 p.
569 3659 629 3718 180
652 3676 700 3737 sq.

265 3759 358 3822 ὅπλα
391 3759 427 3820 τὰ
460 3759 604 3843 πολεμικὰ
631 3758 709 3842 λέγει
738 3759 795 3843 [va.
822 3756 847 3820 Σ
876 3761 939 3822 614
967 3758 1050 3822 adde
1077 3779 1117 3822 ex
1143 3758 1194 3822 Et.
1222 3757 1292 3844 M.],

159 3861 210 3924 καὶ
235 3860 271 3924 τὰ
299 3865 352 3945 τῆς
378 3863 452 3930 νεὼς
480 3861 593 3944 σχοινία
622 3859 668 3946 [Μ
692 3863 754 3924 420
776 3859 828 3923 Et.
851 3858 919 3944 M.],
942 3884 968 3923 κ.
992 3860 1027 3923 τὰ
1049 3861 1227 3944 χαλκεοτικὰ
1249 3861 1295 3947 ἐρ·

160 3965 265 4046 γαλεῖα
289 3963 407 4048 [τρίαινα
430 3965 471 4030 ὥς
494 3983 580 4048 φησιν
605 3960 728 4040 Ἀπίων,
752 3960 873 4029 Ἰλιάδος
896 3961 937 4047 σ].
981 3965 1038 4026 Ar.
1063 3983 1135 4028 cum
1152 3963 1202 4028 his
1220 3985 1294 4048 con·

265 4170 295 4239 *)
307 4168 362 4224 vid.
380 4171 486 4224 anm
503 4167 590 4222 Ueber
609 4167 652 4222 die
669 4165 767 4222 Werlre
784 4166 831 4221 der
849 4167 1033 4222 Aristarcheer
1049 4167 1078 4220 in
1096 4166 1160 4222 Cod.
1179 4167 1245 4222 Ven.
1263 4169 1297 4222 A.
