3098 4874
1229 357 1268 420 61

184 539 254 609 τοὺς
275 539 465 624 χωρίζοντας,
488 541 561 624 πρὸς
582 540 650 608 τοὺς
671 541 738 626 περὶ
754 537 918 605 Ἑλλάνικον
941 542 984 626 (v.
1001 541 1137 625 Sengeb.
1152 541 1169 606 Ι
1185 545 1225 606 56
1241 547 1313 627 sq.).

185 639 237 706 Ex
263 642 314 706 his
340 641 440 725 igitur
466 641 517 720 vel
538 640 609 706 aliis
631 643 788 726 ejusmodi
809 644 989 709 Aristarchi
1010 645 1139 727 scriptis
1161 644 1315 728 dictisque
1426 651 1428 653 ’

186 743 273 808 hunc
295 742 467 808 articulum
489 747 651 826 sumptum
674 764 743 809 esse
764 749 859 827 put03
875 746 1097 810 Aristarchum
1113 750 1226 811 eontra
1239 746 1314 812 Hel·

186 843 329 909 lanicum
362 844 578 926 disputantem
612 845 806 924 exscribens,
832 846 991 911 Hellanici
1019 845 1113 911 simul
1141 849 1315 914 sententias

186 945 385 1010 describeret
405 945 662 1029 lexicographus,
684 967 814 1013 necesse
835 948 905 1012 fuit.

293 1046 465 1132 ἀνιεμένη
489 1052 521 1112 et
542 1047 674 1112 κόλπον
698 1049 868 1134 ἀνιεμένη
892 1051 938 1135 (p.
963 1052 1048 1132 102).
1070 1085 1112 1100 --
1131 1050 1173 1116 Hi
1189 1051 1316 1117 articuli

190 1147 232 1212 ab
256 1149 366 1214 eodem
388 1148 477 1213 fonte
499 1156 771 1232 promanaverunt
792 1172 832 1217 ac
853 1151 953 1216 schol.
977 1151 1019 1216 ad
1040 1151 1071 1215 X
1092 1155 1143 1216 80.
1188 1152 1235 1217 Of.
1259 1153 1316 1218 eti-

189 1271 241 1316 am
265 1250 375 1316 scholl.
399 1250 423 1314 Ξ
447 1255 519 1316 219.
542 1252 567 1314 Z
589 1255 662 1316 400.

294 1352 453 1437 ἀναιδής.
498 1351 545 1416 cf.
568 1353 667 1418 schol.
689 1352 713 1416 A
736 1355 808 1417 521.

297 1453 479 1518 ἀνάεδνον.
525 1454 571 1518 cf.
596 1454 694 1518 schol.
718 1453 734 1518 Ι
759 1457 829 1517 146.
874 1453 956 1518 Vide
977 1474 1077 1536 supra
1098 1453 1290 1541 ἀλφεσίβοιαι.

294 1553 418 1619 ἄνθεσι
440 1557 562 1640 μήλων
586 1592 625 1602 -
649 1554 742 1633 adde,
765 1553 849 1638 qvod
870 1554 956 1619 infra
976 1554 1094 1638 legitur
1115 1577 1146 1638 p.
1172 1561 1243 1634 112,

296 1661 402 1742 μῆλα.
425 1681 467 1716 -.;
490 1655 589 1720 schol.
613 1656 655 1720 ad
677 1656 693 1720 Ι
717 1658 788 1719 542.
833 1656 880 1720 cf.
903 1655 1050 1721 Eustath.
1075 1662 1147 1737 773,
1170 1661 1221 1723 48.

294 1756 410 1828 ἀξύλω
438 1759 465 1821 ei
492 1759 543 1842 μὲν
567 1756 720 1844 ἀξολίστιρ,
743 1757 772 1828 ἐξ
793 1758 830 1842 ἧς
852 1757 947 1826 οὐδεὶς
969 1758 1127 1836 ἐξυλίσατο,
1150 1761 1187 1823 δι’
1209 1759 1243 1824 οὖ
1266 1762 1318 1846 τὴν

188 1859 350 1929 πολόξυλον
379 1861 495 1928 πάντως
521 1858 677 1944 ἀκούομεν·
701 1859 864 1944 (proxima
886 1861 1062 1926 enuntiatio
1085 1861 1126 1926 ab
1149 1861 1319 1946 Apollonio

189 1962 261 2044 ipso
290 1960 414 2045 addita)
442 1963 469 2024 οἱ
497 1963 529 2025 δὲ
556 1962 719 2047 πολυξύλιρ.
747 1961 811 2024 ἐπεὶ
839 1963 871 2024 τὸ
899 1985 919 2024 α
942 1963 1030 2046 δηλοῖ
1047 1964 1096 2024 καλ
1118 1964 1149 2025 τὸ
1173 1964 1303 2045 uulda

189 2065 317 2150 ,ἀχανὲς
344 2064 497 2148 πέλαγος·“
526 2066 553 2128 οἱ
575 2066 608 2128 δὲ
629 2064 774 2150 ὁμοξὺλφ,
797 2065 873 2148 ὁμοῦ
896 2063 1009 2148 ἐχούσῃ
1033 2063 1185 2148 πεφυκότα
1207 2089 1235 2128 κ.
1257 2087 1320 2129 συν-

111 2158 114 2166 ’
189 2166 371 2252 ηθροισμένα
399 2167 435 2229 τὰ
462 2166 533 2236 ξύλα
556 2169 611 2250 (z
633 2165 807 2230 Aristonici
828 2166 952 2250 θρυώδη
974 2187 1002 2230 ν.
1027 2165 1154 2246 schol).
1194 2166 1246 2230 Ad
1267 2188 1321 2234 va·

190 2269 256 2334 rios
277 2269 351 2334 illos
373 2268 555 2352 explicandi
577 2267 690 2333 modos
712 2267 890 2332 Aristarch.
909 2287 1032 2350 qvoqve
1050 2267 1241 2348 attenderat,
1256 2290 1321 2334 nne

190 2376 300 2436 tamen
328 2371 442 2436 ceteris
464 2369 626 2453 praelato:
658 2369 767 2456 βέλτιον
791 2370 824 2432 δὲ
842 2367 897 2455 ἀφ’
921 2369 957 2454 ἧς
980 2368 1076 2438 οὐδεὶς
1100 2369 1256 2440 ἐξυλίσατο.
1281 2371 1320 2435 ef.
1433 2361 1438 2368 ’

191 2471 291 2537 schol.
314 2473 356 2538 ad
380 2473 404 2536 A
428 2476 499 2536 155.
544 2473 647 2555 Atque
670 2472 738 2555 ejus
761 2471 1006 2536 commentarios
1027 2471 1080 2536 hic
1095 2469 1136 2536 ab
1151 2471 1322 2554 Apollonio

191 2575 354 2657 inspectos
377 2594 455 2654 esse,
478 2573 588 2640 velen
611 2579 758 2656 apparet,
781 2573 865 2657 qvod
887 2593 1007 2651 omnes,
1031 2593 1109 2655 qvas
1132 2573 1230 2638 schol.
1247 2594 1322 2638 enu-

191 2681 306 2754 merat,
340 2675 589 2760 significationes
615 2677 668 2740 hic
694 2675 793 2740 habet
820 2680 853 2740 et
880 2695 990 2740 earum
1016 2674 1115 2753 illam,
1144 2695 1225 2758 qvae
1251 2676 1323 2739 Ari·

192 2779 306 2844 tarcho
329 2778 506 2861 placuerat,
529 2777 667 2860 primam
689 2777 807 2860 posuit,
831 2775 915 2859 qvod
938 2795 1015 2840 casu
1037 2775 1159 2840 factum
1180 2796 1245 2840 non
1266 2798 1323 2860 pu·

193 2881 300 2946 tarim.

297 2983 460 3050 ἀπειλεῖς
493 2979 597 3063 accipi
630 2977 748 3044 dicitur
781 2983 813 3042 et
839 2977 972 3061 proprie
997 2977 1048 3044 vel
1076 2977 1203 3062 vulgari
1230 2999 1325 3045 sensu

192 3085 331 3172 (κυρίως)
360 3089 392 3150 et
418 3083 552 3171 vovendi
573 3081 624 3147 vel
646 3080 805 3164 gloriandi
826 3080 965 3145 notione.
1011 3079 1058 3144 cf.
1081 3079 1134 3144 Et.
1156 3079 1200 3144 M.
1224 3083 1326 3166 σημαί-

190 3210 236 3250 νει
263 3187 337 3271 τρία,
366 3187 399 3249 τὸ
420 3189 580 3269 καυχῶμαι
602 3221 643 3232 -
667 3221 706 3232 -
730 3183 778 3246 ἐπὶ
800 3184 833 3246 δὲ
855 3181 948 3267 εὐχῆς
971 3221 1011 3232 -
1035 3219 1076 3232 -
1099 3183 1147 3246 ἐπὶ
1171 3184 1204 3246 δὲ
1226 3183 1325 3270 ἀρχῆς.

192 3289 275 3355 Item
297 3287 408 3354 scholl.
431 3287 448 3352 I
471 3291 532 3350 682
555 3290 575 3372 ἡ
600 3288 686 3370 διπλῆ
711 3285 736 3349 d.
760 3286 792 3348 τὸ
815 3285 1029 3370 dardanariis
1052 3285 1127 3348 κατὰ
1148 3286 1201 3369 τὴν
1223 3287 1327 3370 ἡμετέ-

195 3415 248 3478 ραν
270 3396 385 3476 χρῆσιν.
430 3397 451 3475 ψ
474 3393 536 3452 863
559 3389 608 3452 νὺν
631 3388 789 3474 ἠπειλφσεν
813 3421 855 3435 -
878 3424 919 3433 —
942 3385 1061 3472 ἠιίξατο.

297 3494 408 3577 ἀπίης
429 3493 542 3575 γαίης.
587 3489 756 3554 Praecedit
789 3488 897 3572 glossa
925 3487 1106 3553 Aristarchi
1134 3493 1187 3574 τῆς
1215 3489 1326 3575 μακρὰν

193 3594 337 3678 ἀπούσης.
382 3593 463 3658 Tum
492 3592 729 3657 demonstratur
756 3591 818 3656 hac
848 3610 925 3655 voce
951 3610 1027 3668 non,
1049 3595 1087 3654 ut
1108 3589 1253 3654 nonnulli
1275 3613 1328 3656 vo·

194 3696 323 3775 luerint,
352 3716 446 3779 posse
468 3694 726 3778 Peloponnesum
748 3691 932 3776 significari,
957 3712 1029 3756 cum
1053 3691 1147 3755 Hom.
1172 3689 1242 3773 ipse
1264 3691 1329 3759 alia

195 3803 331 3863 testetur
352 3822 374 3861 π
398 3801 447 3876 17,
472 3800 522 3860 18.
565 3796 646 3860 Item
669 3794 780 3861 scholl.
804 3793 827 3858 Γ
850 3797 901 3858 49.
924 3792 953 3856 Α
976 3796 1048 3856 270.
1071 3815 1091 3875 η
1115 3795 1165 3856 25.

299 3900 580 3984 ἀποστήσωνται
607 3897 842 3982 ἀποκομίσωνται
869 3895 993 3979 σταθμῷ
1016 3891 1044 3956 Ν
1068 3896 1139 3958 745.
1163 3933 1205 3943 -—
1230 3897 1328 3963 schol.

195 4000 238 4066 ad
266 3999 287 4065 l.
315 4000 337 4064 l.
364 4004 385 4086 ἡ
415 4003 501 4085 διπλῆ
525 4000 570 4063 ὅτι
592 4003 795 4085 μεταφορικῶς
817 3999 919 4082 χθιζὸν
941 3999 1042 4081 χρεῖος
1064 4003 1106 4083 τῷ
1129 3995 1184 4084 imp
1207 4000 1329 4088 σταθμῷ

195 4103 470 4189 ἀποκαταστήσωσι,
493 4101 622 4166 τούτέστι
644 4103 685 4186 μὴ
709 4102 727 4165 ὅ
748 4104 834 4186 ἡμεῖς
857 4101 1000 4186 ἐλάβομεν
1022 4099 1098 4184 χθὲς
1122 4105 1265 4179 νικῶντες,
1281 4105 1330 4188 σή-

197 4228 286 4292 μερον
316 4205 514 4292 εἰσπράξωσιν.
559 4203 607 4268 Of.
637 4203 734 4269 etiam
756 4203 808 4268 Et.
831 4202 874 4268 M.
899 4203 938 4287 (s.
963 4200 1096 4288 Στατήρ)
1119 4239 1161 4254 --
1185 4241 1226 4253 —
1250 4205 1331 4270 δέδια
