3098 4874
280 326 319 386 26

235 508 293 585 bit,
322 506 479 590 quomodo
507 507 630 572 Ranhio
655 507 764 590 judice
792 507 916 572 lexicon
944 508 1179 592 Hesychianum
1203 515 1309 574 ortum
1332 513 1364 574 et

237 616 368 674 auctum
392 610 444 688 sit,
466 614 502 673 ut
523 609 598 674 inde
621 608 740 691 aliquid
764 609 802 674 de
824 615 935 676 nostro
958 611 1060 676 lexico
1084 609 1274 676 concludere
1290 631 1363 693 pos-

237 731 348 776 simus.
372 749 413 764 -ι-

338 829 481 892 Primum
503 828 563 893 fuit
585 829 745 910 Pamphili
767 851 918 914 magnum
942 852 1022 913 opus
1044 830 1177 896 lexicale
1192 833 1258 915 περὶ
1273 814 1389 914 ulmos

236 935 294 994 σῶν
318 931 384 1016 ἦτοι
405 931 521 1007 λέξεων,
544 931 648 996 medio
672 932 846 996 christiano
869 932 997 996 saeculo
1018 933 1123 1014 primo
1146 933 1308 997 conditum
1320 933 1362 1016 *),

238 1033 366 1114 optimis
401 1054 418 1097 e
456 1033 608 1110 fontibus,
643 1034 695 1115 qvi
723 1039 799 1098 tunc
838 1034 977 1112 fuerunt,
1012 1035 1191 1111 collectum,
1224 1039 1260 1098 ut
1294 1034 1364 1098 Ari·

236 1135 405 1215 stophanis
435 1155 452 1198 e
485 1134 599 1217 glossis
627 1135 780 1200 laconicis
807 1143 840 1200 et
867 1137 982 1213 atticis,
1019 1137 1212 1200 Artemidori
1236 1137 1274 1200 de
1298 1137 1364 1202 dia-

236 1236 319 1300 lecto
344 1236 454 1300 dorica
477 1257 582 1318 opere,
606 1237 770 1320 glossariis
793 1239 1016 1302 Hermonactis
1040 1238 1159 1302 cretico
1183 1244 1214 1302 et
1230 1238 1365 1303 Diodori

235 1337 355 1415 italico,
379 1337 493 1419 glossis
514 1339 680 1420 Epaeneti,
704 1340 918 1418 Timachidae,
941 1341 1089 1404 Ameriae
1108 1345 1180 1404 cett.
1198 1340 1277 1404 Tum
1300 1341 1364 1404 Ha-

239 1439 415 1523 driano**)
443 1441 622 1522 imperante
650 1443 755 1505 extitit
783 1442 1011 1525 Diogenianus,
1040 1443 1092 1524 qvi
1120 1441 1205 1506 illius
1228 1442 1322 1506 lexici
1346 1463 1365 1506 a

237 1541 416 1624 Zopyrione
443 1543 562 1624 incepti
586 1549 618 1606 et
639 1564 659 1606 a
680 1543 849 1625 Pamphilo
872 1545 1006 1626 perfecti
1030 1545 1189 1626 epitomen
1213 1544 1364 1621 condidit,

237 1643 325 1712 λέξεις
348 1645 532 1706 παντοδαπαί
552 1644 637 1728 (libr.
661 1645 703 1723 V)
725 1645 927 1727 inscriptum.
971 1645 1009 1709 In
1024 1647 1086 1710 hac
1102 1645 1284 1728 glossarum
1301 1645 1365 1709 col·

238 1745 383 1823 lectione,
412 1765 493 1827 qvae
520 1747 633 1810 habuit
650 1729 851 1828 Pamphilus,
875 1748 997 1829 recepit
1019 1753 1059 1825 et,
1083 1747 1207 1811 omissis
1231 1748 1365 1828 scripto-

238 1867 308 1909 rum
338 1852 481 1910 veterum
508 1849 853 1930 grammaticorumqve
880 1849 1071 1926 nominibus,
1098 1855 1270 1931 praeterea
1298 1849 1364 1914 fere

237 1948 345 2012 omnia
374 1949 551 2031 descripsit.
596 1950 724 2032 „ltaque
751 1987 792 1998 -
815 1956 851 2014 ut
872 1951 977 2016 verbis
999 1951 1114 2015 Ranhii
1136 1957 1210 2015 utar
1232 1989 1273 1998 -
1296 1971 1365 2034 ,eo
1456 1965 1461 1973 ·

237 2072 310 2114 rum
331 2051 464 2115 utilitati
486 2052 661 2133 prespexit,
686 2054 749 2134 qvi,
773 2074 846 2116 cum
868 2053 1041 2135 scriptores
1065 2058 1187 2117 veteres
1209 2052 1363 2135 legerent,

239 2153 410 2218 inusitatas
445 2161 476 2218 et
508 2155 632 2237 priscas
660 2176 752 2220 voces
780 2155 933 2234 evolvere,
963 2163 995 2220 et
1022 2176 1102 2238 qvae
1130 2155 1297 2221 doctorum
1326 2154 1365 2219 de

238 2277 348 2320 earum
376 2257 505 2321 notione
533 2259 692 2322 sententia
714 2258 819 2336 fuerit,
844 2278 1036 2341 cognoscere
1059 2257 1240 2339 cupiebant.
1286 2255 1365 2333 Qvid

239 2359 322 2422 enim
352 2358 393 2421 ad
421 2379 484 2437 eos,
513 2360 540 2424 si
568 2360 693 2443 singula
715 2363 907 2442 scriptorum
930 2361 1029 2425 verba
1051 2360 1262 2438 addebantur,
1286 2379 1366 2442 qvae

240 2481 276 2524 eo
305 2467 466 2525 momento
489 2461 660 2544 legebant?
683 2463 755 2527 Non
778 2463 1014 2545 adjuvabantur
1036 2462 1092 2540 illi,
1117 2462 1144 2526 si
1165 2462 1280 2544 longae
1303 2462 1365 2526 dis·

238 2563 421 2642 potationes
445 2563 483 2628 de
506 2563 667 2628 scribendi
688 2565 813 2629 ratione
836 2564 967 2646 aliisqve
983 2563 1079 2628 rebus
1097 2564 1364 2628 admiscebantur.

240 2702 280 2710 -
308 2667 366 2712 —''
399 2665 461 2751 (De
488 2664 549 2730 lex.
578 2666 653 2730 Hes.
683 2667 761 2748 orig.
785 2687 816 2747 p.
844 2669 927 2745 131).
972 2665 1145 2730 Praeterea
1167 2665 1231 2730 alia
1253 2665 1365 2741 lexica,

238 2765 400 2848 Apollonii
422 2767 637 2845 Homericum,
661 2768 797 2833 Theonis
822 2773 853 2831 et
880 2767 1008 2850 Didymi
1031 2768 1156 2850 tragica
1180 2774 1212 2832 et
1234 2767 1364 2844 comica,

239 2875 391 2951 excerpta
412 2870 445 2932 in
466 2891 563 2952 opere
579 2891 636 2935 suo
651 2870 782 2952 recepit.
799 2907 840 2916 —
859 2869 1041 2952 „Postremo
1058 2869 1248 2951 Diogeniani
1265 2867 1365 2932 libros

239 2969 299 3033 sibi
327 2992 390 3035 non
421 2971 613 3036 satisfecisse
641 2973 696 3036 sed
724 2976 835 3036 auctos
864 2977 896 3036 et
918 2969 1130 3052 amplificatos
1159 2991 1178 3034 a
1207 2991 1240 3034 se
1263 2969 1366 3034 editos

239 3091 316 3148 esse,
340 3072 478 3154 scriptor
501 3075 655 3156 epistolae
677 3074 719 3138 ad
741 3073 911 3156 Eulogium
934 3073 978 3156 (h.
996 3094 1021 3136 e.
1038 3065 1228 3156 Hesychius)
1243 3070 1366 3153 profes·

238 3193 292 3236 sus
315 3178 388 3238 est.“
433 3174 521 3250 Qvod
544 3196 618 3239 vero
634 3175 769 3260 Hesych.
793 3175 959 3257 praedicat
982 3174 1023 3238 ad
1046 3173 1225 3257 augendum
1242 3173 1366 3237 lexicon

238 3295 272 3339 se
303 3297 396 3340 usum
434 3297 502 3342 esse
536 3277 724 3354 Aristarchi,
757 3277 901 3359 Apionis,
930 3275 1095 3341 Heliodori
1132 3275 1256 3358 glossis,
1286 3275 1367 3338 haec

238 3399 310 3441 eum
338 3399 421 3444 vana
450 3379 581 3462 gloriari
610 3379 752 3444 Ranlrius
785 3380 878 3444 dccet
900 3381 947 3463 (p.
974 3381 1059 3460 139);
1083 3397 1184 3460 neqve
1206 3377 1280 3441 huic
1302 3374 1367 3440 alia

238 3480 394 3544 adscribit
416 3482 478 3545 nisi
500 3503 609 3546 versus
631 3481 819 3547 Homericos
843 3481 968 3545 additos
992 3486 1023 3544 et
1045 3480 1133 3550 λέξεις
1150 3477 1274 3564 (Cyrilli
1289 3477 1367 3542 alio-

237 3585 383 3666 rumque)
405 3583 513 3665 inepte
535 3584 685 3649 intrusae.
709 3622 749 3632 —

339 3704 388 3767 Ac
409 3702 511 3767 fusius
534 3705 675 3786 exposui,
699 3724 776 3786 qvos
799 3703 857 3767 sub
881 3703 986 3767 varios
1009 3721 1101 3766 casus
1124 3700 1249 3764 lexicon
1266 3697 1366 3781 Hesy-

237 3805 300 3868 chii
328 3805 506 3888 subjectum
534 3807 584 3884 sit,
613 3806 687 3888 qvia
712 3805 787 3870 inde
814 3804 972 3886 suspicari
994 3803 1113 3881 licebit,
1137 3823 1217 3886 qvae
1239 3800 1367 3866 volven-

237 3905 323 3970 tibus
351 3908 442 3971 annis
469 3909 571 3974 lexico
598 3906 761 3990 Apollonii
784 3907 976 3990 contigerint
998 3905 1075 3984 fata,
1099 3911 1140 3983 et,
1164 3906 1191 3968 si
1213 3903 1288 3986 qvid
1312 3901 1369 3967 ob·

340 4113 367 4180 s)
384 4111 457 4166 Suid.
475 4112 562 4183 Παμφ.

341 4200 387 4268 **)
403 4197 476 4252 Suid.
495 4197 587 4267 Διογεν.
