3108 4870
1147 309 1227 404 ,81

134 493 288 558 Ceterum
321 491 509 556 observatur
540 491 672 575 λέγωμεν
702 493 742 576 (ω
771 491 825 573 72)
856 511 925 556 esse
955 491 1153 576 συλλέξωμεν,
1179 491 1272 574 λέγων

136 597 240 658 σ959
264 593 426 678 οἰκοδομῶν
450 598 545 675 atqve
567 593 659 676 λέγειν
683 613 779 675 saepe
803 614 872 658 esse
898 596 996 657 εἰπεῖν.
1041 594 1185 657 Plurima
1201 594 1273 656 Ari·

134 697 268 761 starcho
302 696 458 773 nituntur,
493 697 545 777 qvi
579 696 689 760 docuit
716 695 854 778 λέγεσθαι
882 697 968 778 apud
996 701 1124 778 poetam
1152 695 1272 778 signifi-

136 818 213 862 care
240 797 438 882 ἀριθμεῖσθαι,
467 797 662 880 διαλέγεσθαι,
691 797 893 879 συλλέγεσθαι,
923 799 1144 882 ἐγκοιμηθῆναι,
1167 803 1204 860 ut
1225 802 1272 860 te·

134 905 265 964 stantur
287 898 398 964 scholl.
443 899 469 962 B
495 902 565 977 125,
589 902 661 977 435,
684 899 714 962 N
738 902 809 962 276.
833 899 860 962 Ο
886 903 948 973 519
971 900 1024 963 all.

240 1019 472 1082 λευκάσπιδα.
517 1018 616 1082 schol.
639 1019 670 1080 X
693 1021 765 1081 294.
810 1019 886 1100 Ipsa
907 1018 1097 1102 significatio
1121 1019 1162 1083 ab
1185 1021 1272 1082 utro-

37 1157 39 1160 ·
135 1141 198 1204 qve
221 1128 270 1185 est
293 1121 420 1184 omissa.

243 1239 437 1324 μέλπηθρα
464 1239 501 1301 τὰ
528 1241 725 1324 σπαράγματα
752 1243 809 1302 τῶν
836 1243 930 1302 κυνῶν
953 1263 980 1301 κ.
1004 1240 1180 1324 ἑλκίσματα·
1206 1243 1274 1324 μολ-

135 1344 179 1426 πὴ
204 1341 259 1426 γὰρ
282 1344 302 1426 ἡ
326 1343 451 1423 παιγνία,
476 1343 503 1403 ol
524 1341 557 1404 δὲ
578 1342 663 1408 κύνες
685 1343 744 1404 οἷον
768 1341 958 1424 ἐμπαίζοντες
981 1343 1134 1405 ἐσθίουσιν.
1170 1343 1274 1424 Saepe

134 1445 171 1507 in
199 1443 329 1509 scholiis
357 1443 493 1526 legimns
521 1443 745 1507 Aristarchum
773 1443 910 1506 voluisse
934 1442 1096 1526 μέλπεσθαι
1118 1449 1150 1506 et
1173 1445 1272 1526 μολπὴ

135 1566 265 1626 semper
288 1544 375 1626 apud
390 1545 564 1608 Homerum
583 1545 669 1608 dicta
687 1565 755 1608 esse
774 1544 917 1622 deludo,
936 1567 999 1609 non
1019 1545 1058 1609 dc
1076 1551 1172 1608 cantu
1189 1546 1274 1628 (vidc

135 1647 239 1712 Lehrs
266 1649 321 1710 Ar.
350 1668 382 1728 p.
414 1650 474 1709 138
502 1646 613 1710 scholl.
637 1651 653 1717 ζ
678 1651 748 1724 101,
772 1649 788 1708 θ
812 1651 863 1724 29,
887 1649 915 1709 A
938 1652 1001 1710 474
1023 1647 1107 1711 inter
1130 1667 1163 1710 se
1186 1669 1271 1710 ccm-

135 1756 255 1832 parata
276 1749 515 1831 illustrataqve3
538 1748 768 1812 Friedlaender
789 1749 892 1832 ibid.);
916 1770 1003 1832 ergo,
1027 1771 1107 1832 qvae
1130 1748 1204 1812 inde
1226 1769 1274 1814 sc·

136 1853 256 1934 qvitur‚
280 1851 452 1934 explicatio
475 1851 638 1932 Apollonii
659 1853 746 1917 vocis
770 1851 928 1936 μέλπηθρα
950 1857 1044 1914 κυνῶν
1068 1851 1109 1915 ab
1132 1852 1274 1915 Aristar-

137 1955 368 2036 cho-profecta
390 1959 447 2018 est.
493 1952 581 2029 Qvod
603 1975 678 2018 vero
700 1953 785 2017 idem
808 1954 913 2034 Apoll.
938 1953 1060 2035 aliqvot
1082 1953 1173 2016 lineis
1195 1953 1273 2016 inf-

136 2057 205 2120 rins
228 2056 288 2120 sub
312 2055 475 2139 μέλπεσθαι
497 2055 543 2118 ait
564 2077 630 2119 non
653 2055 757 2118 solnm
782 2055 821 2118 de
838 2054 915 2118 ludo
932 2055 988 2118 sed
1005 2056 1101 2118 etiam
1120 2054 1159 2117 de
1176 2060 1274 2118 cantu

139 2159 303 2241 μέλπεσθαι
329 2164 361 2222 et
384 2159 482 2242 μολπὴ
507 2177 558 2239 ap.
582 2157 675 2221 Hom.
700 2157 772 2234 dici,
795 2177 911 2238 parum
935 2157 995 2220 sibi
1019 2162 1167 2220 constare
1189 2156 1274 2220 vide-

136 2265 192 2324 tnr
216 2261 351 2324 ethaeo
374 2280 413 2324 ex
436 2259 501 2324 alio
524 2259 660 2340 sumpsit
682 2258 780 2322 fonte.

245 2379 395 2462 μέλλετε
418 2379 540 2442 ἐοίκατε.
563 2380 612 2442 καὶ
635 2377 740 2463 [ἰστέον
764 2377 814 2442 vol
836 2377 1015 2462 σημειωτέον
1031 2377 1127 2462 Tell]
1144 2369 1274 2442 καθόλου

138 2481 173 2542 τὸ
204 2479 317 2564 μέλλειν
346 2481 394 2544 ἐπὶ
420 2487 472 2544 τοῦ
500 2481 623 2544 ἐοικέναι
650 2481 698 2543 τὸν
721 2483 844 2565 ποιητὴν
868 2481 986 2543 τιθέναι.
1032 2479 1154 2544 Eodem
1177 2480 1272 2546 modo

138 2581 252 2646 scholl.
277 2581 304 2645 ll
327 2587 378 2648 46.
401 2587 431 2646 Α
454 2587 525 2646 564.
549 2583 580 2646 K
604 2586 675 2646 326.
720 2583 822 2646 Lehrs
843 2583 898 2646 Ar.
925 2587 995 2645 120.

244 2701 437 2784 μενοεικέα
460 2706 593 2785 προσηνῆ
617 2725 643 2762 κ.
668 2700 891 2785 ἀρέσκοντατῷ
916 2701 995 2783 μένει
1017 2707 1072 2784 τῆς
1094 2707 1192 2786 ψυχῆς
1210 2701 1273 2786 [Et.

138 2802 181 2866 M.
205 2825 234 2866 v.
259 2803 419 2886 μενοεικές;
443 2805 483 2888 τῷ
508 2803 588 2886 μένει
608 2827 634 2864 κ.
659 2805 696 2885 τῇ
721 2809 805 2888 ψυχῇ
830 2803 906 2869 εἰκὸς
928 2826 954 2864 ν.
979 2803 1099 2886 ἀρεστόν
1123 2810 1158 2866 ut
1173 2803 1273 2866 schol.

137 2905 238 2990 infnl.
262 2907 311 2968 καὶ
332 2906 471 2990 θηλυκῶς
493 2929 572 2989 ,μεν
597 2907 695 2968 talto&
719 2905 751 2988 (Ι
774 2908 839 2987 90).
884 2903 1006 2968 Ultima
1022 2905 1120 2968 verba
1138 2925 1275 2987 arguere

138 3007 298 3084 videntur,
327 3015 401 3090 post
424 3015 522 3090 caput
545 3007 673 3070 articuli
696 3007 932 3070 substantivum
955 3007 1127 3090 qvodpiam
1150 3028 1274 3070 mascu-

137 3107 240 3174 linum
264 3109 430 3187 excidisse,
452 3131 481 3173 v.
500 3131 527 3173 c.
545 3111 636 3195 τάμον
654 3109 738 3190 qvod
755 3114 844 3172 extat
862 3109 891 3172 Ψ
909 3113 958 3172 29.
978 3109 1025 3172 cf.
1043 3109 1140 3174 schol.
1160 3110 1189 3172 Ψ
1204 3113 1274 3172 139.

245 3228 448 3306 μενεαίνειν
483 3229 564 3291 hacc
597 3225 778 3309 significare
813 3226 944 3290 dicitur:
980 3229 1144 3310 χυλυῶσθαι
1171 3225 1196 3290 Τ
1225 3231 1275 3305 67,

140 3329 359 3412 προθυμεῖσθαι
392 3329 421 3392 Φ
456 3332 528 3407 543,
557 3332 745 3413 λειποψυχεῖν
774 3326 802 3390 Π
830 3332 908 3407 491;
938 3329 1125 3408 qvibuscum
1153 3329 1276 3392 faciunt

139 3430 253 3494 scholl.
277 3431 303 3494 Τ
326 3435 377 3494 68.
400 3429 428 3494 Π
451 3435 523 3495 491.
548 3431 593 3514 ((1)
617 3431 704 3513 543).

245 3550 426 3634 μέσαυλος
448 3554 467 3634 ἡ
492 3548 536 3612 ἐπ’
561 3550 657 3634 ἀγρῶν
681 3547 791 3632 οἴκησις
814 3549 929 3625 (schol.
947 3551 1047 3614 etEt.
1066 3551 1109 3616 M.
1131 3550 1275 3633 ἔπαυλις.)

139 3652 249 3736 κυρίως
278 3651 391 3737 (schol.
421 3657 454 3716 ct
481 3651 532 3716 Et.
561 3651 604 3715 M.
621 3653 660 3713 :ol
686 3649 828 3735 Ἀττικοί)
853 3653 886 3714 δὲ
907 3655 927 3737 ἡ
952 3653 1027 3737 μέση
1051 3654 1129 3736 θύρα
1151 3659 1204 3737 τῆς
1226 3653 1275 3716 αὐ-

140 3757 196 3836 λῆς
226 3754 291 3839 (Et.
320 3753 363 3818 M.
393 3754 557 3819 disertius:
586 3751 727 3823 Ἀττικῶς
750 3756 802 3839 τὴν
827 3754 917 3838 μέσην
941 3760 993 3818 τοῦ
1017 3759 1150 3823 πυλῶνος
1171 3779 1198 3818 κ.
1222 3761 1275 3840 τῆς

141 3855 237 3938 αὐλῆς
258 3856 278 3939 ἢ
302 3861 354 3940 τῆς
370 3856 571 3941 ἀνδρωνίτιδος
585 3880 612 3920 κ.
628 3858 869 3939 γυναικωνίτιδος.
904 3857 1016 3921 Altera
1039 3856 1152 3938 explic.
1178 3859 1275 3922 etiam

141 3956 176 4020 in
205 3956 343 4042 scholi).
389 3958 599 4022 Consentiunt
626 3958 706 4022 haec
729 3980 801 4022 cum
823 3959 922 4024 schol.
945 3959 971 4022 P
997 3962 1057 4020 112
1081 3958 1196 4042 (Lehrs
1218 3961 1274 4025 Ar.

147 4057 235 4143 150),
264 4059 326 4122 nisi
354 4059 437 4142 qvod
466 4059 657 4142 significatio
683 4059 749 4136 illa,
779 4060 976 4141 „propriam“
1006 4081 1099 4142 qvam
1128 4063 1276 4143 perhibet

142 4161 215 4242 Ap,
232 4181 253 4225 a
269 4160 391 4226 scholio
408 4161 513 4226 aliena
529 4182 599 4228 esse
614 4161 777 4244 magisqve
794 4161 836 4226 ad
851 4161 903 4226 Et.
920 4161 964 4226 M.
976 4163 1129 4228 accedere
1140 4165 1274 4230 videtur.

1157 4287 1173 4339 6
