3108 4870
1192 408 1232 466 85

142 620 171 659 κ.
196 595 315 663 οὐδενὸς
338 593 414 664 ἄξιον
438 595 601 679 ἡγήσασθε.
645 592 870 675 Atquivarias
893 592 991 656 fuisse
1013 593 1044 654 h.
1068 591 1090 654 l.
1112 590 1275 669 lectiones,

143 697 243 762 etiam
273 717 290 761 e
318 697 418 760 schol.
441 701 588 778 apparet.
633 695 717 759 Nam
739 694 909 778 Didymus:
943 693 1136 778 Ἀρίσταρχος
1157 695 1177 776 ἢ
1202 693 1277 755 ὀνό-

143 797 264 875 σασθ’,
288 797 461 884 ἐμέμψασθε
483 822 509 861 κ.
533 797 763 883 ἐξεφαυλίσασθε
784 821 810 859 κ.
827 820 853 860 τ.
871 800 897 860 λ.
916 795 1076 880 (Schmidt
1091 795 1167 858 Did.
1189 796 1275 876 178).

142 900 346 964 Aristonicus
375 906 495 964 antem:
524 904 545 985 ἡ
573 902 659 984 διπλῆ
689 899 733 962 ὅτι
760 897 913 962 adrectis
936 899 1124 984 ἐκφαυλίζετε
1145 922 1172 960 κ.
1196 897 1277 958 οὐδε-

142 1004 194 1070 νὸς
220 1001 297 1071 ἄξιον
325 1003 454 1086 ἡγεῖσθε.
482 1039 524 1050 -
552 1001 624 1066 Huc
653 1003 749 1066 etiam
770 1002 942 1082 pertinent,
966 1021 1046 1083 qvae
1069 999 1145 1064 alibi
1166 999 1277 1081 legun-

143 1110 210 1182 tur,
239 1103 366 1186 glossae
393 1103 560 1167 ὀνόσαιτο
589 1110 621 1170 et
648 1105 899 1188 ὀνοσσάμενος
926 1104 959 1165 in
989 1103 1124 1167 eundem
1146 1103 1276 1166 modum

144 1207 336 1289 explicatae.

251 1308 386 1394 οὐρῆας
408 1309 548 1394 ἡμιόνους
570 1311 636 1393 ἢτοι
658 1310 833 1394 ὁριβατοὸσι,
858 1307 905 1370 διὰ
927 1309 959 1369 τὸ
983 1306 1096 1391 ὀρούειν
1120 1308 1193 1390 πρὸς
1210 1308 1278 1375 τοὺς

145 1413 273 1480 ἐνάντεις
311 1410 427 1480 τόπους.
478 1414 623 1494 Apparet
656 1410 885 1492 lexicographo
920 1409 1079 1490 duplicem
1114 1409 1278 1472 obversari

145 1512 383 1598 etymologiam,
418 1534 498 1594 qvae
530 1513 582 1577 hic
616 1512 749 1578 conlusa
782 1511 909 1592 legitur.
953 1511 1025 1574 Erit
1056 1511 1155 1593 igitur
1182 1510 1278 1574 lectio

145 1617 194 1680 sic
222 1615 288 1678 fere
315 1615 528 1680 restituenda:
559 1653 597 1664 -
627 1653 666 1662 -
696 1615 762 1699 ἤτοι
790 1614 834 1676 ὅτι
860 1614 1027 1699 ὀριβατοῡσι
1049 1621 1107 1688 (sc.
1131 1612 1232 1694 muli),
1256 1613 1276 1696 ἢ

146 1717 196 1780 διὰ
223 1718 255 1778 τὸ
284 1714 398 1800 ὁροόειν
427 1739 453 1780 κ.
482 1739 507 1779 τ.
536 1720 562 1779 λ.
592 1717 631 1780 cf.
660 1715 735 1780 Hes.
763 1715 815 1780 Et.
843 1715 885 1778 Μ.
909 1717 940 1778 h.
963 1737 991 1779 v.
1017 1754 1056 1762 —
1080 1751 1118 1762 -·
1143 1714 1223 1798 παρὰ
1246 1715 1279 1777 τὸ

147 1821 178 1883 ἐν
203 1817 300 1903 ὄρεσσι
323 1823 432 1903 μᾶλλον
455 1823 512 1881 τῶν
536 1817 633 1883 ἄλλων
658 1817 741 1905 ζῴων
765 1817 908 1882 δύνασθαι
930 1819 1112 1903 ἐργάζεσθαι.
1158 1819 1207 1880 De
1229 1819 1279 1882 his

146 1923 227 1987 nihil
261 1923 370 2000 Arist.;
405 1921 603 1986 demonstrat
634 1927 760 1986 tantum
793 1922 904 2006 οὐρῆας
932 1942 1058 2002 semper
1086 1941 1145 2002 pro
1173 1919 1278 1998 mulia,

146 2046 304 2107 nunqnam
326 2045 386 2106 pro
409 2023 588 2088 custodibus
610 2011 724 2106 accipi.
769 2023 857 2100 Qvod
880 2029 970 2104 patet
993 2043 1010 2086 υ
1030 2022 1160 2086 scholiis
1181 2023 1209 2084 A
1227 2024 1276 2084 50.

147 2129 253 2191 Kar.
297 2128 366 2205 (Ar.
388 2147 421 2208 p.
446 2125 533 2208 151).

253 2227 360 2312 οὖρος
387 2229 403 2289 ὃ
432 2225 525 2312 φύλαξ
552 2263 595 2274 -
622 2265 663 2274 -
691 2226 771 2290 Item
800 2227 897 2290 Arist.
921 2225 988 2290 soh.
1011 2225 1041 2288 K
1064 2228 1105 2287 84
1130 2272 1136 2287 .
1161 2272 1167 2287 .
1192 2221 1279 2308 οὖρον

149 2353 191 2412 (υς
212 2334 318 2414 κοῦρον
341 2330 389 2392 τὸν
413 2327 531 2414 φύλακα
554 2366 605 2391 -.

255 2430 347 2516 ὄφρα
368 2459 411 2489 =
433 2432 479 2494 ἵνα
501 2433 521 2515 ἢ
546 2431 626 2498 ὅπως
647 2433 671 2492 Δ
695 2432 766 2507 195,
790 2427 847 2498 ἕως
870 2429 893 2493 Θ
919 2433 969 2492 66.
993 2429 1074 2493 Item
1089 2429 1278 2494 sch.1621.

254 2531 373 2617 ὄχθαι.
419 2533 574 2615 Congruit
596 2531 750 2596 articulus
773 2553 844 2596 cum
868 2534 933 2597 sch.
958 2533 987 2595 Φ
1013 2537 1083 2596 172.

253 2634 355 2721 ὅψονι
385 2635 507 2718 „Apion
531 2634 613 2698 male
636 2635 668 2696 τὸ
690 2634 791 2719 κρέας;
817 2637 1012 2700 contrarium
1036 2637 1118 2700 enim
1142 2641 1280 2700 testatur

146 2743 245 2822 pocta
266 2739 293 2802 A
316 2741 393 2817 6293
417 2735 576 2819 siguificat
597 2758 672 2801 vero
695 2742 750 2800 πᾶν
774 2737 961 2824 σροσόψημα.
984 2761 1002 2820 χ
1024 2740 1112 2800 480.“
1157 2737 1207 2800 Ab
1230 2737 1281 2802 his

148 2841 281 2904 minime
303 2840 488 2922 discrepant
509 2839 620 2903 scholl.
643 2838 669 2902 A
693 2843 764 2902 630.
788 2839 804 2902 Ι
826 2843 899 2902 489.

253 2944 358 3006 πάλιν
381 2943 422 3010 εἰς
444 2943 571 3004 τουπίσω
594 2941 621 3004 N
648 2945 676 3004 3.
701 2965 741 3000 z
765 2940 1009 3027 ἄψςυλυυυιυνυ
1026 2941 1229 3005 enim-:iul
1272 2990 1279 3005 .
1376 2949 1380 2955 “

148 3043 521 3129 παλιμπλαγχθέντας
555 3045 595 3112 εἰς
629 3043 757 3107 conulem
788 3043 998 3126 πλανηθέντας.
1033 3081 1075 3092 -
1103 3045 1187 3106 πάλιν
1216 3067 1282 3109 non

150 3167 219 3212 esse
252 3145 343 3222 αὖτις,
377 3146 409 3208 ἐκ
442 3145 591 3230 δευτέρου,
625 3146 682 3210 sed
715 3147 829 3208 τυπυιὸν
868 3147 908 3214 εἰς
940 3147 1079 3222 conulem,
1108 3147 1280 3212 Aristonis.

148 3249 259 3314 multis
282 3249 412 3313 scholiis
434 3255 587 3312 testatur:
610 3248 638 3312 Ε
662 3252 733 3324 256,
757 3252 830 3312 836.
854 3247 878 3311 Ζ
899 3253 968 3312 189.
991 3251 1021 3312 Κ
1039 3253 1098 3312 281
1122 3250 1162 3313 al.
1180 3249 1282 3314 Lchrs

149 3353 205 3414 Ar.
227 3373 260 3434 p.
284 3355 335 3414 91.
380 3349 492 3414 Altera
514 3357 622 3415 autem
647 3349 749 3432 Apoll.
773 3350 880 3432 glossa
902 3351 930 3412 A
954 3354 993 3414 59
1011 3359 1145 3434 spectat,
1163 3352 1203 3416 de
1220 3373 1282 3434 qvo

150 3453 226 3536 qvid
263 3452 441 3517 observarit
479 3453 694 3530 Aristarchus
732 3451 786 3516 ille
824 3454 1009 3535 cognovisse
1046 3455 1181 3520 videtur.
1226 3455 1282 3518 Di-

149 3555 237 3638 plam
267 3557 350 3620 enim
379 3555 432 3620 hio
460 3562 613 3638 posuerat
641 3561 754 3620 contra
780 3557 985 3634 recentiores,
1014 3559 1067 3640 qvi
1096 3579 1168 3622 cum
1196 3559 1281 3621 πάλιν

150 3677 246 3722 sensu
274 3658 445 3740 temporali
473 3659 555 3723 falso
584 3659 782 3740 accepissent
810 3659 933 3741 iterum,
957 3661 1067 3740 denuc,
1090 3659 1165 3722 inde
1187 3680 1281 3741 expe-

151 3759 289 3824 ditiones
311 3757 472 3824 finxerant
493 3761 627 3825 heroum
649 3760 682 3824 in
703 3759 840 3844 Mysiam
863 3760 966 3825 factas
990 3767 1049 3824 etc.
1095 3760 1209 3845 (Lehrs
1226 3761 1282 3826 Ar.

149 3879 182 3943 p.
207 3865 245 3924 91
272 3863 334 3943 sq).

253 3963 478 4048 παλιμπετές
502 3963 542 4032 εἰς
564 3965 693 4028 reuulso
715 3964 909 4032 nectarites.
942 3963 991 4028 De
1018 3965 1103 4027 πάλιν
1123 3985 1151 4029 v.
1174 3985 1283 4048 supra.

151 4063 241 4142 Qvod
269 4085 345 4131 vero
367 4066 452 4130 hanc
474 4087 583 4131 vocem
605 4087 664 4149 per
686 4067 892 4149 participium
915 4066 1034 4148 plurali
1056 4088 1190 4132 numero
1212 4068 1284 4132 red-

150 4165 208 4245 dit,
237 4167 300 4233 hoc
327 4189 402 4245 non,
431 4173 467 4232 ut
493 4167 616 4233 Villcis.
646 4174 762 4247 censet,
785 4168 858 4233 ideo
881 4167 1012 4248 factum,
1036 4169 1120 4252 qvod
1141 4193 1158 4233 ε
1181 4174 1221 4233 27
1245 4169 1285 4234 dc

150 4270 259 4352 procis
287 4269 320 4334 in
349 4269 469 4352 plurali
496 4277 623 4354 agatur,
651 4271 717 4336 sed.
746 4273 801 4334 Ar.
829 4270 945 4354 aliiqve
966 4276 1089 4338 veteres
1112 4273 1163 4356 (ut
1183 4270 1285 4336 Lchrs
