3108 4870
1180 335 1238 396 123

168 515 287 584 scholio
310 517 351 582 ad
374 518 401 580 A
418 520 489 595 567,
505 516 566 582 luit
580 519 772 598 Aristarchi3
794 519 899 601 prima
913 519 1044 602 Apionis
1059 519 1107 602 (L.
1124 521 1178 584 Ar.
1196 519 1281 602 305);

168 620 333 704 cujusnam
362 621 457 686 tertia
479 621 584 700 fuerit,
606 623 728 705 ignoro.
774 621 836 688 Sed
858 623 937 688 haee
958 623 1029 705 ipse
1050 622 1148 688 verba
1169 621 1238 688 ἔνιοι
1251 623 1284 686 δὲ

168 763 208 774 -
239 727 320 810 χαλ,
347 743 427 807 qvae
453 724 486 788 in
515 723 652 790 mediam
678 723 728 788 Azi
754 725 1048 808 interpretationem
1076 727 1283 808 irrepserunt,

168 827 209 892 ad
236 826 331 892 linem
358 826 486 892 articuli
513 833 588 892 sunt
616 828 862 910 transponenda.
906 827 973 892 Illis
1001 829 1084 893 enim
1110 827 1144 891 ἵν’
1173 829 1193 913 ἦ
1222 831 1281 890 κτλ.

168 933 222 995 Ar.
246 931 385 1013 exponit,
407 930 564 1012 qvomodo
586 930 627 995 ab
650 931 794 1016 ἀπτόητυς
815 931 926 1000 ἀαττος
942 936 1046 996 ortum
1062 932 1112 1009 sit,
1128 951 1177 997 so:
1197 931 1282 996 ἀπτό

168 1055 248 1118 ητος,
270 1032 369 1110 ἄατος,
391 1032 511 1102 ἄαπτος.
524 1034 555 1116 *)
581 1071 623 1082 -
647 1033 794 1099 Ceterum
816 1055 834 1098 e
855 1035 922 1100 soh.
945 1035 973 1098 A
996 1038 1056 1098 567
1080 1033 1283 1118 eognovimus

168 1135 364 1202 Zenodotum
398 1136 429 1200 h.
458 1157 485 1201 ν.
513 1135 688 1218 explicasse
716 1137 847 1222 ἰσχυροῖς,
875 1137 1121 1221 Aristophanem
1148 1136 1282 1214 ἀέπτους,

169 1241 323 1325 ἀρρήτους,
349 1239 576 1305 Herodiamum
605 1245 711 1304 autem
739 1241 845 1326 (nujus
871 1247 919 1306 est
946 1241 1060 1325 sohol.)
1083 1241 1211 1318 ἰόπτους,
1233 1239 1284 1310 τός

169 1345 210 1428 μὴ
234 1342 395 1428 δυναμένας
417 1343 623 1428 διαφθαρῆναι

269 1445 448 1528 ἀγέλαστα
480 1445 514 1510 οδ
541 1444 668 1530 γέλωτος
695 1443 759 1514 ἀξια
786 1443 849 1508 ἀλλ’
879 1446 938 1509 οῖον
965 1445 1197 1531 ἀγανακτήσεως.
1226 1483 1283 1530 „—

168 1548 227 1635 ἔργ’
258 1548 417 1632 &palamst
446 1549 480 1633 (θ
503 1551 589 1633 307).
613 1547 681 1614 ἔνιοι
702 1549 735 1612 δὲ
755 1548 882 1631 γέλωτος
903 1548 975 1619 ἄξια.
1019 1549 1216 1614 Posteriores
1237 1547 1284 1612 illi

169 1652 241 1739 ἔργα
266 1653 392 1737 γελαοτά
418 1653 613 1736 scripserint,
641 1673 769 1718 neeesse
796 1659 852 1717 est.
898 1651 1029 1730 Qvinam
1055 1673 1130 1718 vero
1157 1651 1283 1729 luerint,

169 1757 235 1822 soh.
260 1756 290 1819 h.
316 1755 336 1820 l.
364 1754 470 1821 docel:
499 1757 633 1840 γελαστοὶ·
656 1755 749 1825 οὕτως
769 1756 910 1826 ὀξυτόνως
930 1755 1122 1842 Ἀρίσταρχος
1141 1779 1167 1819 κ.
1183 1752 1284 1841 Ἥρω·
1320 1743 1327 1758 ’

169 1863 242 1924 διαν.
267 1897 307 1908 -
792 1874 795 1880 '

1151 1931 1158 1948 Ι

270 1961 446 2047 ἀδηκότες
473 1961 547 2046 ἄδην
573 1961 691 2046 ἔχοντες
717 1987 743 2026 κ.
772 1963 1004 2048 πεπληρωμένοι·
1033 1963 1077 2048 (Κ
1103 1963 1159 2048 98)
1186 1963 1285 2046 ἀηδῶς

148 2065 385 2149 διατεθειμένον.
430 2065 524 2146 (Item
546 2064 612 2130 fere
633 2065 721 2148 Hes.)
745 2067 777 2130 τδ
799 2066 832 2130 δὲ
853 2069 1052 2152 παραπλήσιον
1075 2065 1122 2128 ἐπὶ
1143 2069 1195 2128 τοῦ
1213 2064 1285 2144 „aaa

168 2193 241 2234 πνου
264 2171 413 2254 ἁδήσειενιι
436 2170 470 2252 (οι
496 2167 568 2253 134)
591 2171 653 2232 ἀντὶ
674 2173 726 2233 τοῦ
748 2170 910 2254 ἀηδισθείη.
944 2167 1005 2234 Hie
1027 2190 1099 2234 oum
1122 2168 1203 2234 duae
1218 2173 1284 2250 ety-

168 2271 326 2355 mologiae
350 2271 577 2355 lexicographo
604 2271 790 2337 obversatae
816 2272 991 2350 videantur,
1025 2270 1157 2336 totidem
1185 2269 1283 2353 expli-

168 2375 310 2440 oationes
336 2374 377 2439 ab
405 2395 442 2439 eo
470 2374 618 2440 oonluses
644 2396 712 2440 esse
738 2381 826 2458 puto.
870 2376 953 2440 Nam
980 2374 1114 2440 alteram
1137 2374 1177 2440 ab
1201 2373 1284 2458 ἅδην,

168 2478 302 2544 alteram
325 2477 367 2542 ab
389 2478 494 2564 ἀηδής,
517 2478 616 2562 ἀηδέω
640 2478 792 2562 originem
815 2483 960 2562 repetere
980 2484 1080 2562 patet.
1125 2476 1186 2562 (cf.
1209 2476 1283 2542 Hes.

168 2582 304 2667 ἀηδῆσαι·
332 2581 476 2659 κοπιάσαι,
503 2581 628 2666 καμεῖν.)
657 2581 758 2660 Qvare
780 2602 859 2666 prae
880 2583 980 2667 ἀηδῶς
1001 2581 1203 2647 inserendum
1224 2580 1286 2646 erit

168 2683 237 2750 ἔνιοι
258 2686 298 2749 δὲ.
342 2684 436 2750 Prior
457 2685 614 2750 sententia
635 2685 744 2750 Aristzi
766 2705 835 2750 esse
856 2685 989 2750 videtur.
1033 2685 1080 2750 cf.
1103 2685 1169 2750 soh.
1192 2683 1221 2747 K
1244 2686 1284 2748 98

170 2787 259 2852 ὕπνου
283 2808 386 2872 μεστον
408 2791 468 2852 κτλ.
513 2788 561 2853 De
582 2787 685 2866 altera
708 2788 746 2854 of.
772 2814 792 2874 μ
815 2792 873 2852 281
899 2788 1085 2874 ἀηδισθέντες
1107 2827 1156 2852 -.

272 2891 518 2975 ἀλαοσκοπίην
541 2892 653 2977 τυφλὴν
677 2891 780 2976 (vill.)
802 2893 854 2977 τὴν
869 2891 1106 2956 κατασκόπευσιν.
1122 2889 1199 2974 ,,οδδ’
1217 2890 1285 2954 ἀλα-

170 2993 307 3076 οσκοττόην
334 2993 412 3078 εἶχε“
440 2993 482 3080 (N
514 2995 564 3076 10)
592 2993 627 3056 οὐ
649 2996 760 3080 τυφλὴν
783 2997 835 3080 τἠν
858 2996 975 3059 σκοπιάν
998 2995 1070 3080 εἶχε,
1092 2996 1133 3064 ὥς
1154 2992 1189 3058 ἀν
1212 2997 1287 3058 εἴποι

170 3119 220 3174 τις,
242 3095 303 3160 οὐδ’
327 3102 369 3166 ὥς
389 3099 479 3166 ἀλαδς
500 3096 664 3174 ἐσκότευεν,
688 3097 757 3162 οὐδὲ
777 3101 862 3184 τυρλ.
882 3098 945 3182 εἶχε
965 3099 1093 3175 σκοτινόν.
1126 3096 1285 3174 Proxima,

169 3200 219 3266 bis
244 3201 389 3284 repetita,
418 3198 552 3266 dolenda
578 3201 669 3266 erint.
714 3201 743 3265 K
767 3205 827 3265 515
851 3201 895 3266 ότι
916 3199 1021 3286 Ζηνοδ.
1043 3225 1088 3286 ηρ.
1111 3201 1200 3264 ἀλαὸν
1223 3219 1286 3263 σκο-

169 3309 246 3392 πιήν·
270 3306 458 3392 παροιμιακὸν
482 3305 514 3368 δέ
536 3305 619 3370 ἐστιν.
642 3305 677 3370 oo
700 3306 807 3392 τυφλδς
830 3306 984 3370 ἐσκοτίασε
1006 3305 1068 3389 (sic
1089 3325 1149 3388 pro
1171 3304 1201 3372 ἐς
1222 3323 1286 3367 σκο-

170 3411 236 3479 πιάς
257 3429 319 3475 seo.
343 3407 430 3474 Suid.
454 3408 611 3494 emendo),
635 3408 710 3472 ἀλλὰ
734 3447 770 3457 -
795 3409 949 3494 δεδορκώς.
972 3433 999 3472 κ.
1023 3409 1038 3472 δ
1061 3410 1184 3493 ποιητὴς
1206 3405 1286 3472 οὐδέ·

170 3537 241 3578 ποτε
262 3513 361 3598 εἴρηκε
383 3515 503 3599 σκοπιὴν
526 3517 593 3581 τοῦς
615 3512 796 3599 ὀφθαλμούς.

272 3617 438 3682 ἀνόπαια.
483 3615 554 3681 ἔνιοι
576 3617 633 3700 μὴν
657 3613 749 3700 ὄνομα
772 3614 883 3700 δρνέου·
905 3615 1029 3700 καὶγὰρ
1053 3615 1082 3678 ἐν
1104 3613 1201 3683 ἀλλοις
1217 3616 1286 3700 „prl-

171 3742 207 3804 νη
236 3719 385 3804 alioptrrp‘⁸
415 3723 445 3804 (γ
474 3719 560 3805 372).
589 3717 657 3784 ἔνιοι
685 3719 718 3782 δὲ
745 3719 890 3787 ἀνοταίως
914 3719 931 3782 ό
953 3718 1026 3782 ἐστιν
1050 3717 1192 3803 ἀοράτως.
1215 3717 1287 3785 τινὲς

171 3823 204 3886 δὲ
225 3821 281 3886 ἀνὰ
303 3823 355 3908 τὴν
378 3823 463 3908 ὀπήν,
485 3825 537 3907 τὴν
560 3823 675 3908 θυριδα.
721 3821 799 3886 Cum
821 3820 971 3905 Hesychii
994 3819 1099 3904 glossa
1121 3841 1161 3886 ex
1183 3818 1286 3904 Apoll.

171 3925 272 4008 petila
293 3924 340 3990 sio
361 3925 493 3990 habeat:
516 3963 555 3976 —-
579 3961 620 3974 -
642 3927 662 4011 ἢ
685 3925 740 3989 ἀνὰ
762 3926 814 4009 τὴν
837 3925 911 4009 ὀπὴν
934 3925 987 4009 τὴς
1008 3923 1100 4010 θύρας
1122 3924 1141 4008 ἢ
1165 3922 1220 3986 ἀνὰ
1235 3925 1287 4009 την

170 4029 286 4114 θυρίδα,
321 4027 394 4094 tort.
422 4029 442 4114 ἢ
470 4030 521 4113 την
547 4028 653 4114 θοριθα
681 4033 730 4094 est
755 4027 966 4107 scribendum,
993 4047 1181 4111 qvamqvam
1209 4027 1289 4095 hano

273 4253 304 4320 *)
317 4251 390 4308 Fert.
409 4255 496 4308 tamon
514 4253 579 4309 haee
596 4253 766 4323 interpolate,
784 4269 843 4308 oum
860 4267 912 4306 ιιου
930 4253 958 4306 in
976 4251 1037 4307 Hes.
1056 4253 1153 4306 extent.
