3098 4874
319 337 360 398 42

351 523 600 607 ,περιρρηδής
627 521 899 608 περιρρησσόμενος,
926 521 1193 608 περικεκλασμένοτ.
1222 523 1331 609 βελτίον
1360 524 1393 586 δὲ

275 630 477 711 μεταφορικῶς
498 626 720 711 περιρρεόμενος
737 625 987 712 (περιερριρρένος
1002 625 1104 710 Hes),
1122 627 1258 712 βάλλεται
1273 625 1328 710 γὰρ
1344 628 1393 690 καὶ

275 728 307 791 τὸ
319 731 454 814 ποτήριον
466 733 590 813 κρατῶν,
601 733 642 797 ὡς
654 729 716 812 ἅμα
727 734 763 812 τῇ
775 727 858 791 πόσει
868 727 1065 814 περιρρεῖσθαι
1075 727 1208 794 πεσόντα.
1221 729 1237 791 ὁ
1249 729 1282 792 δὲ
1291 725 1391 814 Ἀριστ.

275 831 478 916 ,,στροβηδελς,
495 832 654 916 περιφερὴς
667 829 753 894 ἔπεσε
765 837 802 914 ιη
815 829 944 915 τραπέζη
958 830 1018 916 [ἐπὶ
1028 832 1080 916 τὴν
1092 831 1235 916 τράπεζαν
1242 829 1281 916 ?],
1293 835 1334 900 ὥς
1344 855 1393 895 πε·

273 934 464 1019 ρικλσσδῆνοιι
479 935 546 1018 περὶ
560 933 661 1019 αὐτήν.
678 955 700 1018 χ
717 937 791 996 84.“
817 931 878 998 Hie
894 934 1000 999 neseio
1016 954 1057 998 an
1073 933 1123 998 bis
1140 933 1265 1018 legatur
1282 933 1393 1000 eadem

274 1036 453 1101 Aristarchi
474 1035 639 1114 sententia,
661 1035 800 1118 primum
823 1034 947 1118 qvidem
963 1036 1045 1100 inter
1062 1035 1143 1102 alias
1157 1035 1289 1120 glossas,
1305 1035 1393 1102 nullo

274 1145 405 1204 auctore
431 1138 572 1216 laudato,
598 1138 737 1216 breviter
763 1144 888 1204 tantum
915 1138 1090 1222 proposita,
1121 1159 1196 1206 mox
1222 1139 1339 1204 iterum
1359 1139 1394 1204 in

274 1241 441 1307 disertiora
468 1241 687 1324 explicatione,
710 1241 837 1306 nomine
858 1241 999 1307 auctoris
1021 1240 1182 1325 adjuncto.
1225 1241 1288 1306 Vix
1309 1240 1394 1306 enim

274 1343 414 1408 dubitari
431 1349 545 1428 potest,
562 1343 822 1430 περικεκλασμένος
838 1349 870 1408 et
884 1349 925 1413 ὡς
936 1344 1163 1430 περινλασθῆναι
1174 1348 1234 1422 elo,
1252 1343 1293 1409 ad
1309 1343 1394 1408 idem

274 1449 451 1532 περιρρηδής
482 1446 706 1512 illustrandum
734 1446 889 1525 adhibita,
916 1448 990 1530 qvin
1018 1447 1120 1512 eidem
1146 1446 1271 1512 auotori
1298 1445 1393 1530 origi-

273 1569 345 1614 nem
363 1549 508 1615 debeant.
532 1549 592 1632 (cf.
610 1549 699 1629 Hes.)
716 1551 819 1632 Atqve
834 1549 896 1614 hoo
912 1549 985 1632 qvid
1003 1548 1064 1615 sibi
1080 1549 1164 1627 velit,
1177 1553 1324 1632 apertum
1335 1553 1393 1614 est.

273 1651 382 1716 Prima
404 1653 487 1716 enim
510 1651 616 1735 glossa
637 1651 732 1716 simul
751 1673 822 1717 eum
839 1651 920 1730 aliis,
936 1672 1035 1734 usqve
1051 1651 1232 1717 adseclam
1249 1671 1330 1736 qvae
1345 1671 1394 1716 se·
1529 1735 1530 1738 Ἴ

273 1758 421 1836 qvunlur,
444 1774 465 1818 a
486 1753 663 1836 glossarum
686 1773 821 1836 corpore
841 1753 907 1832 illo,
929 1753 1031 1820 altera
1047 1774 1065 1819 e
1081 1753 1308 1819 commentario
1325 1753 1394 1818 Ani

274 1856 422 1920 manavit.
466 1855 570 1920 Priori
597 1856 723 1921 articuli
743 1857 830 1940 parti
851 1856 1045 1940 respondent
1065 1857 1163 1923 sohol.
1185 1879 1207 1942 χ
1233 1860 1289 1921 84:
1316 1880 1393 1942 περι-

272 1958 410 2027 κλασδεὶς
430 1959 450 2043 ἢ
473 1959 663 2044 περιρραγείς·
686 1960 706 2044 ἦ
729 1958 951 2044 περιρρεόμενος
970 1959 990 2044 ἢ
1007 1961 1169 2045 περιρρυελς
1185 1961 1205 2044 ἦ
1223 1963 1391 2046 περιφερής.

276 2060 312 2126 V.
335 2066 367 2126 et
389 2061 472 2126 Orus
494 2063 527 2126 in
548 2062 599 2126 Et.
621 2061 664 2126 M.
688 2064 874 2147 περιρραηὴς,
896 2063 1066 2148 περιρρυείς·
1090 2063 1183 2130 οὕτως
1205 2059 1393 2147 Ἀλέξανδρος

274 2161 472 2234 ὁΚοτυαεάς.
518 2163 588 2233 Πῖος
610 2165 643 2228 δὲ
664 2168 833 2251 περιφερής,
856 2167 1004 2250 περιρυής.
1028 2164 1109 2230 Sunt
1126 2185 1234 2230 omnes
1251 2164 1392 2249 ejusdem

273 2267 399 2350 generis
425 2267 704 2349 interpretationes
732 2272 826 2351 atqve
852 2288 918 2346 eae,
946 2287 1024 2352 qvas
1050 2267 1154 2350 Apoll.
1177 2267 1289 2348 habet3
1311 2287 1393 2350 qvae

272 2373 331 2433 aut
357 2367 398 2432 ab
426 2370 537 2452 etymis
568 2371 677 2456 ρήσσω,
705 2371 829 2456 ῥήγνυμι
855 2375 911 2436 aut
937 2391 958 2435 a
984 2369 1042 2457 ῥέον
1064 2371 1148 2436 hano
1168 2390 1277 2436 vocem
1298 2389 1388 2452 repe-

273 2477 354 2536 tunt.
397 2470 425 2534 E
453 2473 610 2534 communi
630 2472 728 2554 igitur
749 2471 836 2536 fonte
857 2473 938 2536 haec
960 2473 1066 2538 omnia
1086 2473 1324 2556 promanavisse
1345 2471 1387 2536 ri·

273 2575 398 2642 dentur.
443 2575 589 2640 Ceterum
610 2575 805 2639 luculentum
827 2575 1050 2642 Aristarcheae
1070 2575 1266 2660 periphrasis
1288 2576 1387 2658 speei-

274 2699 345 2743 men
372 2677 506 2762 praebet
533 2677 585 2742 hio
612 2676 780 2756 articulus3
807 2697 882 2742 nam
908 2677 1038 2744 verbum
1060 2671 1156 2744 verbo
1178 2678 1323 2744 redditur
1343 2698 1386 2744 vs.

272 2803 294 2866 χ
321 2785 373 2860 84,
400 2781 447 2846 ita
472 2786 508 2845 ut
533 2802 562 2846 ν.
589 2801 616 2846 ο.
644 2780 714 2845 voci
735 2781 912 2866 περιρρηδής
934 2781 1147 2866 respondeant
1168 2785 1328 2868 περιφερής
1348 2785 1389 2850 ὡς

272 2885 500 2970 περικλασδῆναι
527 2933 534 2948 .
559 2933 566 2948 .
589 2883 659 2949 νυοὶ
681 2882 807 2967 δινηθεὶς
828 2904 889 2948 vox
910 2885 1090 2970 στρυβηθείς,
1113 2889 1144 2950 et
1166 2886 1212 2950 sio
1232 2885 1266 2950 in
1287 2885 1368 2950 aliis.

375 3021 556 3106 πεφράδοι
577 3020 778 3104 διασημάνειεν
801 3019 895 3103 (haec
914 3021 986 3103 ipsa
1000 3020 1217 3106 lexicographi
1233 3022 1390 3088 sententia

272 3123 315 3190 ab
342 3125 460 3188 Aristo
488 3122 612 3204 petita).
656 3123 671 3184 ὁ
699 3123 732 3185 δὲ
758 3121 867 3186 Ἀπίων
896 3123 958 3187 ἀντὶ
983 3128 1035 3188 τοῦ
1063 3123 1138 3188 εἴποι
1165 3125 1225 3208 (sio
1246 3145 1306 3207 pro
1327 3124 1389 3190 lex.

272 3227 384 3290 άνείποι
415 3225 540 3308 Lehrs),
573 3227 625 3287 τοῦ
656 3223 851 3311 Ἀριστάρχου
882 3227 1118 3312 σεσηρειωρένου
1152 3229 1196 3292 ὅτι
1222 3228 1255 3290 τὸ
1283 3228 1391 3314 φράσαι

240 3359 244 3366 ’
272 3329 414 3394 οὐδέποτε
436 3328 482 3392 ἐπὶ
503 3331 555 3391 τοῦ
577 3327 664 3391 εἰπεῖν
687 3329 830 3393 τάσσεται.
852 3367 894 3378 -·-
916 3329 988 3394 Huc
1003 3349 1128 3394 assume
1144 3349 1161 3396 e
1176 3351 1208 3414 p.
1228 3333 1287 3393 165
1304 3353 1390 3416 φρα·

275 3432 355 3500 δέος
380 3435 511 3508 συνετοῦ,
533 3429 694 3516 δυναμένου
719 3431 942 3518 ἐπιφράσασθαι,
965 3433 983 3496 ὅ
1004 3433 1077 3496 ἐστιν
1099 3433 1248 3518 ἐπινοῆσαι
1269 3431 1295 3496 Ω
1318 3435 1389 3498 354.

271 3536 332 3599 ἀπὸ
355 3539 406 3598 τοῦ
428 3535 519 3598 αὐτοῦ
542 3535 636 3597 καὶτὸ
654 3535 763 3620 φράσαι
779 3535 824 3620 [τὸ
843 3535 1014 3621 διανοήδητι
1028 3535 1117 3600 addit
1131 3535 1205 3601 Vill.
1224 3557 1264 3601 ex
1278 3535 1389 3617 ΗΘΜ)

274 3637 459 3703 Addiderim
485 3638 533 3701 καὶ
559 3637 669 3723 φράσον
698 3639 730 3700 τδ
753 3639 929 3722 διασήμανυν
952 3637 972 3701 l.
995 3639 1095 3717 δεῖξον,
1107 3639 1169 3724 **)]
1193 3639 1265 3724 ὅπερ
1287 3639 1391 3724 άγνοή·

274 3761 327 3810 σας
352 3739 515 3826 Ζηνόδοτος
543 3741 722 3826 μεταγράφει
748 3739 799 3825 ,οδ
822 3741 855 3803 δὲ
876 3741 1003 3826 φράσοά*
1027 3741 1087 3828 (sio
1108 3761 1167 3824 pro
1190 3741 1259 3807 cod.
1283 3743 1391 3828 φράσαι

273 3843 346 3928 lego
372 3843 401 3909 A
427 3846 493 3928 83),
521 3843 661 3908 οὐδέποτε
687 3847 739 3906 τοῦ
765 3847 888 3928 ποιητοῦ
915 3844 961 3907 ἐπὶ
982 3848 1034 3908 τοῦ
1056 3845 1143 3909 εἰπεῖν
1165 3845 1316 3914 τάττοντος
1337 3847 1389 3930 τὴν

377 4051 402 4117 *)
415 4051 462 4102 aut
479 4049 525 4103 sio.
543 4051 591 4103 ant
607 4048 695 4120 σκέψαι
712 4047 798 4118 (Hes.)
815 4049 858 4104 vel
875 4065 890 4103 e
906 4049 989 4112 solsol.
1006 4047 1105 4119 λόγισαι

376 4135 421 4198 **)
438 4134 481 4188 vol
497 4133 567 4190 forte
583 4154 608 4188 τι.
625 4134 654 4188 τὸ
672 4136 762 4206 φράσαι
780 4135 944 4207 ἐνεργητινιιῖις
960 4135 989 4188 τὸ
1001 4135 1148 4206 διασημᾶναι
1158 4135 1177 4190 l.
1190 4133 1263 4196 δεῖξαι
1274 4149 1298 4190 v.
1310 4149 1390 4205 supra

272 4220 324 4276 sub
340 4221 466 4293 πεφράδοι.
