3098 4874
609 1181 842 1260 Prooemium.
911 1236 929 1278 ·.

263 1351 311 1415 De
333 1351 511 1415 lexicorum
536 1370 726 1432 graecorum
750 1347 929 1430 originibus
951 1348 1091 1412 nondum
1115 1351 1225 1432 quaeri
1241 1351 1294 1416 de·

159 1452 257 1518 sitnm
282 1459 339 1528 est,
364 1475 436 1516 cum
455 1451 494 1515 de
517 1450 664 1515 omnibus
682 1451 873 1514 sententiam
891 1454 1022 1526 certam,
1045 1471 1125 1531 quae
1147 1453 1294 1518 omnibns

160 1554 327 1636 probetur,
348 1554 408 1615 uiri
424 1552 509 1617 docti
526 1552 667 1617 nondum
681 1551 932 1634 pronuntiarint.
966 1551 1106 1616 Lexicon
1120 1552 1294 1636 Hesychia-

161 1677 238 1721 num
267 1654 350 1736 quod
373 1655 496 1732 attinet,
521 1654 559 1718 de
582 1653 637 1718 illo
661 1653 785 1735 quidem
808 1651 890 1717 bene
913 1657 1020 1716 actum
1043 1658 1100 1731 est,
1124 1661 1293 1737 postquam

162 1755 195 1819 0.
218 1756 253 1818 F.
276 1756 418 1820 Rankius
441 1757 473 1818 in
497 1754 787 1834 „Commentatione
810 1753 849 1817 de
871 1753 980 1817 Lexici
1001 1753 1196 1838 Hesychiani
1217 1778 1294 1823 uera

160 1857 283 1940 origine
306 1863 337 1921 et
359 1857 498 1940 genuina
520 1857 640 1920 forma“
664 1855 805 1939 (Lipsiae
828 1861 861 1919 et
882 1854 1067 1938 Quedlingb.
1087 1857 1182 1940 1831)
1199 1859 1292 1923 uber-

159 1959 242 2023 rima
265 1959 412 2024 doctrina
434 1979 619 2040 summoque
642 1959 770 2040 ingenio
794 1958 910 2035 omnia,
934 1978 1015 2040 quae
1037 1959 1101 2022 huc
1120 1961 1292 2041 pertinent,

31 2058 33 2070 '
159 2060 320 2126 subtiliter
343 2067 375 2125 et
399 2061 569 2144 diligenter
586 2061 739 2124 tractauit
757 2067 788 2124 et
802 2059 991 2138 illustravit;
1016 2065 1048 2123 et
1062 2059 1105 2122 Μ.
1123 2060 1293 2126 Schmidti-

159 2185 198 2228 us
220 2185 335 2229 nouam
358 2163 502 2245 ejusdem
524 2163 619 2228 lexici
645 2162 817 2226 editionem
837 2162 922 2226 notis
942 2161 1137 2227 illustratam
1159 2165 1292 2229 curauit.

160 2265 270 2347 Neque
300 2264 436 2328 aliorum
456 2264 767 2346 ,lexicographorum
794 2263 939 2327 nonnulli
960 2263 1102 2328 uirorum
1125 2263 1293 2330 doctorum

158 2365 326 2430 laboribus
356 2365 500 2430 destituti
523 2372 610 2444 sunt;
637 2365 745 2447 itaque
772 2365 929 2446 Apionern
956 2365 1108 2430 Lehrsius
1137 2366 1294 2450 (Quaesti-

159 2487 235 2531 ones
269 2467 417 2550 lupinae),
446 2465 656 2531 Heliodorum
688 2465 883 2530 Ritschelius
910 2465 1043 2550 (Opusc.
1071 2465 1097 2544 Ι,
1134 2471 1193 2530 116
1222 2489 1293 2551 sqq.

159 2568 198 2633 cf.
223 2570 320 2634 etiam
344 2569 400 2648 „de
423 2568 488 2634 Oro
512 2573 544 2633 et
567 2568 700 2633 Orione“
718 2567 811 2652 ibid.)
829 2567 1041 2645 illustrarunt,
1059 2568 1166 2632 studia
1182 2590 1294 2635 eorum

158 2675 386 2752 exposuerunt.
444 2669 506 2734 Sed
546 2669 675 2748 librum,
710 2690 771 2752 quo
810 2670 882 2750 pari
915 2669 1010 2733 modo
1044 2668 1084 2734 de
1131 2671 1294 2752 Apollonii

156 2772 259 2838 lexico
287 2772 459 2837 Homerico
489 2772 692 2850 edoceamur,
722 2770 880 2854 quomodo
902 2770 952 2834 uel
974 2769 1088 2852 quibus
1111 2791 1128 2835 e
1151 2771 1295 2839 fontibus

156 2873 219 2939 hoc
241 2879 348 2939 ortum
371 2875 422 2952 sit,
447 2895 541 2956 quarn
564 2873 715 2938 habuerit
736 2873 908 2957 genuinam
931 2891 970 2935 ac
991 2871 1129 2953 primam
1145 2873 1292 2956 formam,

158 2995 239 3057 quae
268 2976 337 3058 ejus
360 2975 461 3040 fuerit
487 2975 632 3040 condicio
656 2977 826 3057 antiquior,
849 2972 972 3037 nullum
994 2973 1293 3059 adhuc-babemus3

158 3077 198 3142 de
221 3077 271 3141 his
294 3076 401 3155 rebus,
425 3077 508 3160 quod
531 3078 676 3160 equidem
699 3077 810 3155 seiam,
833 3097 949 3160 parum
972 3083 1108 3160 egerunt
1123 3079 1295 3162 antiquita·

156 3179 199 3244 tis
221 3179 442 3262 indagatores.

260 3281 435 3364 Postquam
464 3279 733 3360 Montefclcouius
760 3302 870 3360 unum,
899 3283 952 3365 qui
980 3287 1138 3366 superest,
1161 3282 1294 3365 hujusce

156 3382 252 3448 lexiei
288 3383 441 3462 codicem,
480 3369 711 3448 Coisliniannm
748 3382 850 3460 illum,
889 3385 942 3466 qui
984 3384 1111 3463 dicitur,
1152 3384 1294 3468 descrip-

156 3485 198 3550 sit
230 3485 419 3568 largumque
453 3486 522 3568 ejus
556 3487 717 3569 specimen
750 3485 886 3569 protulit
918 3485 1058 3571 (Villois.
1090 3487 1216 3570 Proleg.
1251 3487 1294 3553 ad

156 3587 218 3652 lex.
241 3587 346 3670 Apoll.
364 3609 396 3670 p.
412 3587 536 3652 XXXII
551 3590 626 3672 sq),
643 3595 779 3654 exeunte
794 3587 924 3653 saeculo
939 3589 1086 3672 proximo
1106 3588 1139 3652 0.
1157 3588 1294 3654 d'Ausse

157 3690 195 3753 de
223 3687 376 3754 Villoo'sou
398 3689 525 3754 lexicon
547 3689 642 3754 simul
665 3712 737 3756 cum
760 3691 905 3756 versione
926 3690 1028 3756 latina
1051 3696 1082 3755 et
1103 3690 1188 3754 notis
1209 3690 1294 3773 typis

157 3789 380 3855 excudendum
408 3791 532 3857 curauit
558 3791 663 3856 Lutet.
691 3779 907 3876 Paris-177&
930 3793 964 3856 in
978 3790 1214 3874 prolegomenis
1229 3791 1293 3857 lar·

156 3891 206 3976 gis
223 3895 255 3956 et
271 3890 397 3957 disertis
413 3914 522 3958 omnes
539 3893 688 3977 deinceps
704 3899 849 3960 recenset
865 3895 1039 3975 scriptores
1055 3900 1087 3958 et
1098 3894 1151 3977 qui
1162 3896 1294 3978 Apollo-

156 3995 245 4058 nium
273 3993 450 4060 laudarunt
479 4001 511 4061 et
533 4015 610 4078 quos
634 3997 825 4078 Apollonius
847 3995 970 4060 laudat.
1014 3995 1060 4060 Et·
1080 3999 1294 4079 comperimus

156 4115 234 4160 sane
256 4095 374 4161 multos
398 4103 430 4162 et
451 4097 558 4162 uarios
581 4097 679 4162 fuisse
701 4097 796 4162 lexici
820 4097 938 4179 fontem
962 4098 1028 4175 sed,
1044 4098 1077 4162 id
1093 4099 1178 4182 quod
1193 4103 1293 4167 maxi-

156 4218 244 4262 mum
272 4203 329 4276 est,
354 4198 512 4282 quomodo
536 4219 659 4282 quoque
681 4219 757 4264 usus
781 4199 823 4264 sit
844 4199 1046 4283 Apollonius,
1070 4222 1188 4284 quaeue
1210 4205 1293 4270 ratio

1172 4324 1187 4376 1
