3098 4874
1211 318 1251 378 69

269 498 426 584 ἐναρίζοι
442 499 549 584 κυρίως
567 499 618 583 μὲν
635 499 769 564 σκυλέυει
784 535 827 548 -
843 535 883 550 -
901 506 1139 586 καταχρηστικῶς
1156 501 1189 564 δὲ
1200 501 1297 564 ἀνεῖλε

161 637 206 648 -
234 637 286 664 -.
331 599 473 684 Uterqvo
500 621 576 666 usus
593 605 663 684 jam
686 600 727 666 ab
749 603 804 666 Ar.
828 602 1025 668 observatus.
1069 603 1107 668 V.
1131 602 1229 668 schol.
1254 603 1296 668 ad

162 702 287 766 Ζ417.
311 701 342 766 Η
367 706 437 766 146.
462 702 491 766 Φ
514 706 586 766 485.

269 802 377 868 ἔντεα
399 804 435 868 τὰ
457 805 544 880 ὅπλα,
566 806 674 890 κυρίως
695 805 731 870 τὰ
754 807 833 874 ἐντὸς
855 807 1029 891 περιέχοντα
1047 807 1094 870 τδν
1117 806 1219 890 ἄνδρα,
1237 807 1296 870 οἷον

163 906 250 974 σἰσπλς
277 929 303 968 κ.
326 904 427 989 θῶραΕ
449 929 475 967 κ.
499 907 636 989 κνημῖδες
660 905 710 990 [τὰ
732 907 765 970 δὲ
787 905 897 990 δόρατα
918 909 981 970 κατ’
1007 907 1188 990 ἐπικράτειαν
1212 906 1296 972 addo

164 1028 183 1072 e
212 1006 310 1072 schol.
339 1007 369 1070 K
397 1007 461 1092 75].
506 1007 584 1090 λέγει
610 1007 643 1072 δέ
665 1009 722 1072 ἀπὸ
746 1013 799 1092 τῆς
821 1008 913 1094 αὐτῆς
935 1010 1045 1078 ἐννοίας
1066 1011 1115 1074 καλ
1137 1009 1172 1072 τὰ
1195 1010 1297 1092 ἀγγεῖα

166 1107 262 1186 ἔντεα,
289 1110 347 1174 ἀπὸ
375 1113 427 1171 τοῦ
456 1109 536 1178 ἐντὸς
558 1111 653 1174 αὑτῶν
676 1111 739 1173 τινὰ
760 1110 904 1195 περιέχειν
926 1148 968 1159 -
991 1149 1041 1174 -.
1086 1111 1198 1176 Priore
1220 1111 1298 1176 arti-

167 1211 233 1276 culi
264 1217 357 1294 parte
383 1212 455 1294 ipsa
482 1213 671 1278 Aristarchi
694 1213 792 1278 verba
818 1213 931 1278 referri
960 1221 1096 1296 apparet
1122 1234 1140 1277 e
1168 1211 1298 1278 scholiis

165 1315 198 1378 K
226 1318 266 1378 23
295 1321 327 1380 et
355 1315 382 1378 Κ
408 1317 457 1378 75.
504 1314 608 1391 Quare
630 1315 727 1380 etiarn
749 1315 865 1397 pellem
888 1315 1058 1392 leoninam,
1082 1336 1144 1396 qva
1166 1315 1297 1380 indutus

164 1419 364 1500 Agamemno
386 1417 576 1499 ingreditur,
599 1416 683 1482 ἔντεα
705 1417 865 1499 appellari
887 1418 929 1482 ad
952 1418 981 1480 K
1005 1422 1046 1480 34
1068 1423 1214 1482 notatum
1238 1423 1295 1482 est.

166 1518 215 1584 cf.
238 1517 337 1586 schol.
361 1518 392 1582 K
415 1522 486 1584 528.
531 1521 579 1584 Ac
601 1519 737 1584 fortasse
760 1520 857 1582 etiam
880 1518 982 1583 altera
1005 1518 1132 1582 articuli
1154 1539 1231 1599 pars
1254 1519 1297 1582 ei-

167 1621 241 1686 dem
264 1619 399 1685 debetur
421 1621 555 1698 auctori,
579 1621 733 1704 siquidem
754 1621 843 1685 notio
865 1620 922 1686 illa
944 1621 979 1684 τὰ
1002 1621 1103 1704 ἀγγεῖα
1119 1621 1208 1701 quasi
1225 1640 1296 1684 sua·

167 1729 243 1800 met,
272 1724 330 1787 ἀπὸ
357 1729 409 1808 τῆς
437 1722 529 1807 αὐτῆς
551 1723 671 1798 ἐννοίας,
694 1743 715 1787 a
736 1725 841 1806 prima
865 1723 1042 1788 deducitur.
1088 1720 1140 1786 Sic
1163 1721 1297 1804 denique

167 1825 350 1890 Aristonico
373 1823 577 1890 tribuendum
600 1826 661 1890 orit
683 1824 782 1890 schol.
806 1849 824 1908 η
849 1829 910 1888 212
934 1823 1018 1890 ἔντεα
1035 1823 1144 1892 δαιτός;
1164 1825 1196 1909 [ἡ
1210 1826 1297 1907 διπλῆ

168 1926 247 2010 dul]
277 1925 313 1990 rol
341 1925 431 2009 σκεύη
460 1925 496 1988 τὰ
518 1923 626 2010 ἔχοντά
648 1950 674 1989 τι
695 1926 807 1990 ἔσωθεν
830 1932 887 1990 τῶν
912 1927 1016 2010 [leger
1039 1926 1165 2009 ἑαυτῶν]
1190 1926 1230 1993 εἰς
1253 1925 1297 1988 εδ-

168 2031 274 2113 ωχίαν,
303 2029 361 2092 οἷον
389 2034 544 2114 κρατῆρες,
572 2030 699 2105 πίνακες,
722 2029 862 2092 κύπελλα.
907 2029 944 2091 Β.
967 2028 1002 2090 P.
1027 2028 1060 2090 T.
1083 2065 1126 2078 -
1150 2027 1197 2090 Of.
1222 2028 1297 2090 ἐντε-

168 2130 302 2217 σιεργοΰς
324 2130 385 2195 lex.
409 2132 470 2212 Ap.
1024 2147 1029 2156 ·

272 2231 419 2296 ἔναυλοι
440 2233 467 2295 οἱ
489 2234 546 2296 ἀπὸ
569 2237 626 2296 τῶν
648 2234 818 2318 χειμάρρων
835 2233 960 2316 ποταμοὶ
974 2232 1206 2316 καταράσσοντες
1222 2231 1297 2315 [ita-

170 2355 229 2417 qve
250 2334 355 2418 Etym.
378 2333 421 2398 M.
446 2335 598 2404 ἐναύλουςε
628 2337 695 2404 τοὺς
716 2335 898 2419 χειμερινοὺς
920 2334 1027 2402 τόπους
1050 2332 1297 2398 emendandum:

170 2472 212 2484 -
241 2474 280 2485 -
309 2438 492 2523 χειμερινοὺς
519 2437 692 2522 ποταμούς],
722 2439 791 2512 άπὸ,Ι
808 2442 859 2500 τοῦ
888 2438 917 2500 ἐν
945 2442 1003 2505 τοῖς
1031 2436 1142 2499 αὐλῶσι
1168 2435 1299 2519 γίνεσθαι

171 2538 221 2607 τὰς
247 2541 425 2626 καταφοράς·
449 2539 580 2608 αὐλῶνες
602 2541 635 2603 δὲ
657 2541 683 2603 οἱ
706 2539 854 2625 ἐπιμήκεις
876 2564 902 2602 κ.
925 2543 1016 2602 κοῖλοι
1038 2539 1129 2602 τόποι.
1155 2545 1298 2601 τουτέστιν

169 2643 196 2704 ol
225 2642 265 2710 εἰς
295 2643 403 2726 μακρὸν
431 2667 458 2704 κ.
487 2643 585 2705 στενὸν
614 2643 761 2727 διήκοντες
784 2643 918 2728 ποταμοί.
963 2641 1086 2706 Harum
1111 2639 1297 2723 explicatio·

169 2766 246 2809 num
274 2743 386 2822 altera,
415 2765 495 2826 qvae
523 2745 715 2829 etymologia
742 2746 865 2820 nititur,
893 2745 1080 2807 Aristarcho
1107 2743 1239 2824 placuit,
1268 2763 1297 2803 v.

170 2847 270 2912 schol.
299 2845 329 2909 Φ
358 2851 419 2910 283
449 2853 480 2911 et
505 2869 527 2932 χ
558 2849 611 2926 19;
641 2847 743 2912 altera
771 2870 811 2912 ex
838 2849 908 2929 ipso
931 2845 992 2910 loci
1015 2845 1177 2910 Homerici
1200 2864 1296 2908 sensu

170 2950 259 3014 nasci
285 2947 420 3014 videtur.
467 2949 662 3032 Qvamqvam
689 2950 776 3014 haud
803 2951 869 3014 scio
898 2971 940 3014 an
966 2948 1125 3031 principio
1153 2949 1236 3012 inter
1260 2968 1295 3012 so

172 3051 325 3129 diversae,
359 3050 423 3115 alia
457 3051 498 3115 ab
532 3050 595 3115 alio
625 3057 755 3116 auctore
781 3051 938 3134 profecta,
966 3053 999 3114 in
1027 3050 1163 3116 articulo
1187 3053 1298 3114 nostro

172 3151 364 3230 coaluerint3
393 3172 467 3216 nam
495 3157 671 3233 “torrentes
700 3151 868 3217 hiemalss“
896 3159 928 3216 et
956 3153 1005 3238 „in
1033 3153 1163 3235 longum
1192 3157 1224 3216 et
1247 3173 1298 3216 ar-

172 3259 258 3318 ctum
291 3253 432 3335 porrecti
466 3251 571 3317 fluvii“
604 3253 678 3336 qvid
712 3253 947 3319 communitatis
975 3256 1059 3319 inter
1087 3275 1121 3318 se
1148 3253 1298 3330 habeant,

171 3353 288 3419 nescio.

275 3455 442 3521 ἐνδείνων
473 3456 570 3542 [legez
601 3457 716 3521 ἐνδίνων
746 3455 807 3520 vid.
836 3455 910 3522 Hes.
939 3455 989 3521 Et.
1014 3455 1070 3541 Μ.]
1094 3461 1150 3520 τῶν
1175 3457 1299 3520 ἐντοσθι-

172 3557 251 3634 δίων,
275 3559 333 3621 οίον
357 3563 414 3621 τῶν
437 3557 517 3627 ἐντδς
540 3559 609 3644 [τῶν
633 3560 698 3623 ἰνῶν
721 3583 748 3622 κ.
772 3559 845 3622 τοῦθ
868 3581 895 3623 v.
918 3559 968 3623 Et.
985 3557 1042 3644 Μ.]
1058 3559 1183 3645 χρωτός.
1200 3597 1241 3607 -
1257 3596 1299 3608 -

171 3659 322 3724 Fortasse
350 3682 390 3724 ox
411 3659 462 3724 Et.
486 3659 528 3724 Μ.
552 3661 706 3726 articulus
728 3667 838 3726 noster
859 3663 983 3726 restitui
1006 3661 1121 3744 possit:
1145 3661 1249 3735 ἐνδινα,
1263 3660 1300 3722 τὰ

173 3758 274 3846 ἔντερα
303 3761 390 3824 οίονελ
416 3759 478 3825 ἔνιά
505 3785 566 3825 τινα
594 3761 672 3841 ὄντα,
696 3763 731 3826 τὰ
753 3763 888 3828 ἔντοσθεν
911 3769 968 3826 τῶν
992 3765 1057 3826 ἰνῶν
1082 3801 1119 3812 -·
1145 3801 1183 3811 —
1206 3761 1300 3826 Hanc

174 3863 269 3926 etiam
291 3863 470 3928 Aristarchi
492 3863 787 3946 interpretationem
804 3866 901 3930 fuisse
916 3885 1025 3930 versus
1042 3865 1071 3928 Ψ
1087 3868 1159 3942 806,
1176 3885 1193 3929 e
1208 3864 1299 3929 scho-

131 3975 136 3981 '
172 3963 215 4028 lio
244 3964 351 4048 colligi
378 3971 498 4047 potest:
527 3965 683 4042 ἀθετεῖται,
712 3968 755 4030 δτι
782 3967 897 4030 ἐνδίνων
925 3965 1006 4030 θέλει
1027 3966 1119 4050 λέγειν
1143 3971 1200 4030 τῶν
1224 3967 1300 4029 ἐντο-

173 4065 300 4146 σθιδίων,
324 4068 509 4151 σπλάγχνων,
533 4068 605 4153 ὅπερ
628 4067 685 4152 οὐχ
707 4069 837 4153 ἁρμόζει,
860 4067 917 4136 ἕως
938 4067 994 4154 γὰρ
1017 4073 1069 4132 τοῦ
1092 4069 1199 4154 ἀμύέαι
1213 4069 1300 4153 μόνον

173 4168 220 4230 τὸν
249 4173 352 4254 χρῶτα
381 4174 607 4254 μονομαχοῦσιν.
652 4169 731 4234 (lum
759 4171 857 4253 igitur
884 4171 971 4236 vocis
999 4171 1082 4234 ἐνδίν.
1107 4169 1298 4254 significatio
