3098 4874
1219 250 1256 308 71

277 429 393 514 ἔρρων
423 429 496 514 μετὰ
519 429 633 514 φθορᾶς
656 429 854 514 πορευόμενος
877 429 991 514 [schol.
1017 435 1048 494 et
1070 429 1121 494 Et.
1144 429 1187 495 M.
1210 454 1302 516 παρα-

165 529 343 614 γενόμενος]
374 567 414 577 -
443 535 475 594 et
502 529 584 614 ἔρρε
607 531 740 616 φθείρου.
786 530 872 608 Qvae
894 536 1045 613 excerpts
1064 552 1132 596 esse
1155 533 1302 598 videntur

165 652 214 696 ex
240 631 290 695 his
318 630 368 696 vel
395 631 565 696 similibus:
589 631 688 696 schol.
711 633 727 696 I
750 637 812 696 364
835 634 878 696 ότι
902 671 938 682 ——
964 632 1057 718 ἔρρων
1081 633 1115 696 ού
1138 637 1228 720 ψιλῶς
1250 659 1303 698 πα-

166 733 371 818 ραγινόμενος,
405 733 481 796 ἀλλὰ
514 735 698 817 δυσαρεστιῖιν
732 741 769 818 τῇ
797 736 941 820 παρουσίᾳ
969 737 1065 820 φησίν,
1094 736 1201 799 ἐνθάδε
1230 739 1303 820 μετὰ

168 835 288 920 φθορᾶς
311 840 371 900 eto.
417 834 517 899 Plane
540 835 651 900 eadem
674 836 785 902 scholl.
810 835 834 900 Θ
859 840 929 900 239.
954 835 977 899 Σ
1001 841 1073 900 421.
1096 862 1114 900 ιι
1137 842 1187 901 72.

276 953 363 1037 ἔρσα
386 956 505 1036 (nonne
527 954 652 1039 „dpoffi
675 955 787 1040 δρόσος.
810 957 942 1040 λέγονται
964 958 997 1020 δὲ
1019 957 1100 1043 ἕρσαι
1121 983 1148 1020 κ.
1172 958 1208 1020 τὰ
1230 959 1303 1020 ἁπα-

171 1054 212 1116 tt
241 1061 295 1118 τῶν
324 1057 490 1140 προβάτων.
535 1057 640 1140 Etym.
662 1057 705 1121 M.
729 1059 811 1143 ἕρσαι
833 1061 862 1122 αἱ
885 1060 914 1122 ἐν
938 1059 1002 1145 ἔαρι
1023 1061 1206 1144 γεννηθεῖσαι
1227 1062 1247 1144 ἢ
1271 1062 1300 1123 αἱ

172 1156 284 1220 ἁπαλαί
309 1181 335 1220 ν.
364 1157 471 1226 τελέως
498 1158 560 1222 νέαι
588 1167 799 1245 μεταφορικῶς,
828 1166 869 1229 ὥς
897 1160 1090 1246 Ἀρίστονικδς
1117 1164 1146 1226 ἐν
1170 1163 1300 1247 σημείοις

168 1257 243 1342 ἕρση
266 1261 321 1344 γάρ
344 1261 419 1323 ἐστιν
442 1263 458 1324 ὁ
482 1261 593 1346 δρόσος.
640 1263 755 1346 (Lehrs
777 1265 832 1326 Ar.
855 1285 887 1345 p.
912 1265 956 1345 3).

274 1379 487 1464 ἑταιρίσσαι.
533 1380 579 1446 Of.
604 1381 702 1445 schol.
726 1381 756 1444 K
779 1384 851 1444 242.
874 1381 902 1444 N
927 1384 999 1444 456.

274 1498 418 1584 εὐχωλή
444 1523 483 1560 :
508 1500 594 1585 εὐχή,
617 1501 645 1562 Α
669 1503 720 1578 65,
744 1523 783 1560 =
806 1501 948 1584 καύχησις
970 1499 995 1564 Θ
1019 1505 1070 1564 64.
1116 1500 1217 1566 Simili
1233 1522 1300 1566 mo·

169 1599 211 1667 do
235 1601 377 1685 εύχεσδαι
398 1602 508 1667 scholl.
532 1603 563 1665 K
584 1605 657 1680 461,
682 1602 710 1664 Φ
738 1606 922 1680 183-501;
945 1602 973 1666 Ε
999 1606 1068 1680 121,
1091 1603 1118 1666 Β
1144 1605 1214 1668 160.

273 1745 303 1804 η.
348 1721 376 1785 Ε
400 1721 508 1784 multis
530 1719 714 1785 notionibus
737 1721 811 1784 huic
834 1721 986 1803 subjectis
1009 1741 1063 1784 ens
1088 1728 1212 1785 tuntum
1235 1727 1306 1785 trs·

168 1824 276 1902 ctabo,
305 1845 385 1906 qvae
415 1823 579 1888 doctrinae
607 1823 832 1886 Aristarcheae
860 1824 994 1904 vestigia
1021 1843 1149 1886 servare
1171 1823 1301 1888 videon-

167 1937 238 2005 tur,
269 1932 362 2008 atqve
392 1925 523 2003 ordinis,
552 1927 585 1988 in
613 1925 716 1990 lexico
745 1925 891 2002 adhibiti,
919 1925 1008 1988 nulla
1030 1926 1155 1988 ratione
1178 1925 1302 2002 habita,

165 2031 267 2109 prout
289 2049 340 2092 res
362 2027 556 2109 poposcerit,
579 2027 722 2108 singulas
745 2027 910 2108 attingam.
955 2026 1080 2106 Itsqve:
1107 2027 1300 2111 1)ηψιλού-

168 2154 256 2214 μενον
284 2155 310 2193 κ.
339 2133 503 2214 περισπώμ.
534 2131 621 2212 δηλοῖ
644 2129 803 2212 σύνδεσμον
830 2127 1136 2212 παραπληρωμοιτικδν
1168 2127 1228 2190 ἴσον
1257 2131 1300 2214 τῷ

167 2235 217 2318 δή,
245 2233 348 2315 ιςέπεὶ
374 2233 394 2317 ἧ
423 2231 497 2294 πολύ
525 2270 566 2279 -
589 2269 630 2279 -
654 2233 682 2293 Α
713 2233 772 2292 169
796 2267 837 2277 -
860 2267 899 2277 -
924 2235 970 2292 et:
1004 2229 1075 2291 ποτὲ
1102 2229 1135 2291 δὲ
1162 2229 1308 2313 παρέλκει

166 2335 199 2398 εδ
221 2341 269 2418 η,“
292 2335 367 2398 ἀλλὰ
390 2337 445 2418 τίη
470 2357 570 2418 με-
593 2370 633 2380 -
656 2333 687 2395 K
710 2335 782 2396 432.
827 2331 874 2396 cf.
897 2331 1015 2396 Herod.
1031 2332 1064 2395 in
1080 2331 1179 2396 schol.
1195 2331 1221 2394 Υ
1236 2335 1298 2396 251

162 2437 235 2522 περὶ
263 2441 314 2499 τοῦ
343 2461 361 2519 η
391 2441 442 2521 τοῦ
472 2435 710 2519 ὑποτασσομένοο
733 2440 775 2520 τῷ
798 2435 831 2496 τί
850 2457 876 2498 κ.
900 2436 941 2520 τῷ
965 2435 1105 2496 ἐπεί-
1130 2474 1170 2484 -
1193 2439 1234 2502 ὥς
1256 2443 1306 2521 to,v

167 2541 201 2602 τί
221 2539 431 2622 όποτασσόμεν.
455 2576 495 2585 -
520 2539 686 2620 ἐγκλίνεται,
704 2539 745 2622 τῷ
761 2537 794 2598 δὲ
814 2535 893 2598 ἐπεὶ
913 2541 1094 2621 περισπᾶται.
1129 2535 1175 2600 Of.
1192 2535 1298 2618 Apoll.

165 2641 261 2726 Dysc.
286 2641 342 2724 ,de
364 2639 454 2722 Oonj.
477 2662 508 2722 p.
534 2643 605 2703 523.
651 2638 739 2722 Synt.
762 2660 793 2720 p.
819 2641 890 2702 307.
914 2677 956 2686 -
978 2638 1097 2702 Herod.
1120 2635 1168 2702 Io.
1192 2638 1242 2702 Al.
1265 2659 1297 2720 p.

162 2747 224 2807 42:
255 2743 294 2807 de
322 2743 404 2806 ἐπεί
423 2743 458 2826 ἧι
482 2779 576 2790 --
599 2741 614 2803 ὁ
637 2741 919 2826 ηδιαβεβαιωτικδς
941 2742 982 2803 ὧν
1000 2742 1108 2824 ὁμοίως
1125 2745 1298 2824 περισπᾶται

166 2884 217 2910 -.
242 2840 308 2910 Ὅτε
337 2849 527 2930 παραπληροῖ
552 2843 625 2928 μετὰ
652 2845 686 2906 τί
711 2881 752 2890 -
782 2881 822 2890 --
851 2843 979 2912 ὀξύνεται
1007 2842 1050 2921 „ri
1075 2844 1094 2926 ἢ
1124 2843 1156 2904 δὲ
1184 2844 1218 2905 σὺ
1246 2846 1297 2928 κή-

160 2949 246 3010 ·δεαι“
277 2985 327 3010 -.
356 2947 485 3030 Trypho
514 2967 588 3012 vero
616 2945 695 3009 illud
723 2968 742 3028 η
770 2944 804 3008 in
831 2946 876 3027 τίη
906 2965 970 3008 non
997 2943 1190 3026 particulam
1218 2965 1300 3024 esse,

160 3049 224 3114 sed
245 3069 442 3132 paragogen,
465 3049 555 3112 utin
578 3050 688 3131 λεγοίη,
712 3048 815 3132 φεροίη
840 3046 999 3111 censebat.
1024 3084 1064 3094 -—

271 3173 304 3252 2)
338 3169 358 3254 ἧ
392 3204 435 3218 —
467 3171 585 3254 ψιλοομ.
614 3191 640 3230 κ.
669 3170 833 3252 περισπώμ.
863 3205 904 3214 -
933 3169 1019 3250 δηλοῖ
1044 3169 1082 3238 ,δὲ
1109 3170 1157 3232 καὶ
1187 3169 1297 3254 ἀπορη-

161 3272 287 3356 ματικὸν
316 3271 486 3355 σύνδεσμον·
516 3308 556 3317 -
586 3307 627 3318 -
656 3268 703 3335 Of.
738 3267 849 3333 scholl.
879 3273 895 3340 ζ
924 3273 994 3348 125,
1018 3291 1098 3352 qvae
1120 3269 1297 3336 Herodiani

165 3394 237 3439 esse
260 3373 422 3452 videntur;
447 3372 668 3436 demonstrent
689 3369 708 3456 ἧ
732 3371 996 3454 interrogativum
1019 3372 1068 3436 vel
1085 3373 1296 3439 dubitativum

160 3496 294 3558 semper
316 3477 535 3561 περισπώμενον
560 3493 637 3538 esse.

270 3593 321 3658 Ab
344 3593 532 3660 Aristarcho
556 3597 664 3658 sutem
686 3593 767 3657 haec
788 3591 965 3658 Herodisni
981 3593 1136 3676 originem
1150 3599 1296 3675 repetere

160 3716 239 3760 cum
259 3716 351 3760 exeo
367 3695 558 3762 concludere
573 3695 692 3772 licebit,
709 3694 793 3778 qvod
809 3716 881 3760 cum
897 3694 1066 3777 Apollonio
1083 3695 1294 3773 consentiunt,

167 3803 235 3862 tum
258 3819 277 3862 e
298 3799 433 3876 ratione,
457 3819 537 3880 qvae
559 3797 743 3864 Herodiano
767 3803 816 3862 est
838 3819 909 3862 cum
932 3796 1129 3862 Aristarcho.
1163 3797 1212 3861 De
1234 3817 1295 3878 qva

166 3897 306 3965 breviter
334 3900 444 3966 Lehrs.
473 3901 544 3982 (Ar.
574 3899 620 3964 st.
649 3919 681 3980 p.
710 3903 774 3982 29);
804 3901 985 3978 ,Summum
1012 3898 1201 3981 magistrum
1224 3900 1294 3964 Ari·

160 4002 331 4066 starchum
354 4002 539 4084 saepissime
560 4001 700 4084 respicit,
724 4001 899 4066 assentiens
920 4001 953 4064 in
975 3999 1144 4082 plerisqve,
1166 4021 1241 4067 raro
1265 4007 1304 4067 et

165 4105 345 4170 verecunde
368 4104 582 4170 dissentiens.“
