3108 4870
1225 392 1264 452 79

179 575 270 636 sunt:
293 572 412 658 βασιλεῦ
433 577 464 636 et
485 571 517 634 τὸ
538 572 697 655 κρευδόχυν
714 571 838 654 ἀγγεῖον.
875 571 987 638 Altera
1001 574 1070 637 Ani
1086 579 1147 653 sst3
1165 574 1199 638 cf
1211 573 1311 639 schol.

179 671 198 736 I
224 675 285 734 200
309 672 462 738 adversus
484 671 734 754 Euphorionem,
757 677 851 758 κρεῖον
874 674 958 740 idern
982 695 1050 739 esse
1073 695 1112 738 ac
1135 675 1220 760 κρέας
1236 697 1310 741 con-

179 773 374 838 tendentem.

284 894 459 978 κροαίνων
493 891 564 956 ἔνιοι
591 893 643 977 μὲν
671 893 716 979 (h.
746 914 772 958 e.
800 894 1022 974 Archilochus,
1050 895 1112 960 vid.
1141 895 1239 960 schol.
1269 899 1309 961 cf.

176 995 344 1078 Prooem.)
374 995 535 1078 ἐπιθυμῶν,
564 996 591 1057 οἱ
618 996 650 1057 δὲ
672 995 881 1080 (Aristaroh.)
905 996 948 1059 δτι
972 997 1129 1084 ἐπικροτῶν
1153 1003 1211 1066 τοῖς
1233 1000 1312 1061 ποσί,

180 1097 228 1160 Of.
256 1097 322 1161 sch.
346 1097 370 1160 Ζ
394 1099 466 1160 507.
511 1097 572 1161 Hic
593 1097 701 1180 igitur,
724 1102 761 1161 ut
783 1117 880 1179 saepe
903 1097 984 1163 alias
1006 1101 1062 1184 (cf.
1087 1100 1198 1186 ἀξώλιμ)
1220 1101 1310 1166 varia

177 1206 405 1280 proponuntur
427 1198 666 1280 explicationes
689 1198 778 1262 nulla
801 1200 915 1264 ceteris
936 1201 1094 1282 praelata.

282 1320 463 1401 κυνάμυια
489 1322 509 1402 ἡ
538 1319 658 1402 ἀναιδὴς
679 1341 706 1380 κ.
730 1317 862 1401 θρασεῖα·
885 1319 934 1381 καὶ
957 1320 1038 1404 [γὰρ]
1061 1319 1134 1383 κύνα
1156 1321 1260 1406 ἀναιδῆ
1282 1321 1311 1391 ἐξ
1425 1315 1429 1326 ’

178 1419 272 1483 αὐτοῦ
305 1419 367 1504 [καὶ
401 1424 485 1504 μυῖαν
515 1419 654 1504 θρασεῖαν
683 1420 821 1482 συνάπτει
847 1419 922 1482 Vill.
951 1419 1064 1504 addis]
1111 1420 1164 1484 Sic
1192 1422 1312 1502 optime

177 1523 261 1587 haec
283 1528 464 1605 congruunt
486 1543 558 1586 cum
580 1521 655 1585 Hes.
680 1526 711 1584 et
734 1520 832 1585 schol.
856 1521 995 1585 Ariston.
1020 1521 1061 1585 ad
1085 1521 1113 1583 Φ
1138 1525 1209 1584 394.

283 1641 392 1724 κυνέη
416 1665 454 1700 :
479 1639 578 1704 schol.
602 1639 632 1702 K
656 1641 729 1704 257.

283 1762 439 1822 κώδειαν
462 1760 541 1827 ἰδίως
563 1763 583 1843 ἡ
607 1763 660 1844 τῆς
683 1761 809 1844 μήκονυς
830 1761 957 1844 κεφαλή.
982 1758 1050 1822 δταν
1074 1761 1106 1844 δε
1128 1759 1201 1844 λέρη
1224 1761 1262 1837 „b
1278 1762 1312 1824 δὲ

181 1867 223 1946 φῆ
251 1863 375 1924 κώδειαν
398 1862 557 1944 ἀνασχώνθέ
581 1860 619 1944 (Ξ
642 1861 731 1944 499),
754 1860 926 1944 παρέλειπεν
951 1861 983 1924 ab
1006 1865 1056 1938 ώς,
1079 1861 1113 1924 ἵν’
1137 1859 1159 1945 ᾗ
1183 1864 1235 1946 τὴν
1258 1867 1311 1925 rod

179 1963 339 2047 ἀνθρώπου
372 1965 504 2048 κεφαλὴν
532 1967 573 2032 ὡς
601 1964 652 2046 τὴν
681 1968 734 2047 τῆς
761 1965 887 2047 μήκονος
915 1962 1046 2046 ἀνέσχεν.
1076 1999 1118 2010 -
1147 2001 1187 2010 -
1211 1965 1309 2045 Haec,

179 2067 322 2148 qvamvis
349 2066 507 2147 praecisa,
536 2065 577 2129 ad
604 2065 784 2128 Aristarchi
813 2065 1003 2129 sententiam
1027 2064 1180 2128 accedere
1203 2065 1311 2130 viden-

178 2174 241 2231 tur.
287 2167 312 2230 Ξ
334 2171 396 2230 499
421 2168 486 2231 soh.
509 2170 529 2251 ἡ
554 2169 641 2250 διπλῆ
665 2166 709 2229 ὅτι
730 2165 901 2248 ἀναγνόντες
924 2166 995 2232 τινὲς
1018 2189 1065 2250 φη
1088 2167 1242 2229 κώδειαν
1259 2165 1308 2252 ὑφ’

179 2270 220 2346 έν,
242 2269 277 2332 ἵν’
300 2269 322 2354 ᾗ
344 2274 385 2338 ee
405 2271 540 2346 κώδειαν,
563 2267 778 2354 πρυσεπέταῖαν
801 2268 848 2330 τδν
871 2267 1058 2352 η’θητημένυν
1083 2269 1116 2351 (i.
1141 2289 1167 2332 c.
1191 2268 1215 2330 Ξ
1238 2271 1310 2347 500,

180 2393 272 2454 qvem
299 2373 476 2436 Aristaroh.
505 2371 627 2453 rejecit,
650 2369 734 2451 qvod
755 2369 800 2432 ibi
823 2369 956 2454 πέφραδε
980 2369 1105 2433 dicendi
1128 2370 1190 2433 vim
1212 2371 1310 2436 habe-

179 2479 239 2549 ret,
266 2478 332 2552 ,τοό
359 2476 494 2556 ποιητοῦΙ
511 2471 652 2534 οὐδέποτε
680 2471 727 2533 ἐπὶ
754 2475 806 2532 τοῦ
834 2471 922 2534 εἰπεῖν
953 2472 1108 2539 τάσσοντες
1135 2474 1187 2556 τὴν
1210 2472 1311 2542 λέξιν.“

178 2573 239 2656 Ap.
267 2574 328 2638 lex.
357 2595 381 2639 s.
405 2595 433 2638 v.
458 2573 644 2659 (φραδέος)
669 2572 810 2636 οὐδέποτε
828 2568 966 2658 Ὅμηρος
988 2574 1020 2636 τὸ
1044 2597 1086 2658 φη
1110 2575 1171 2636 ἀντὶ
1194 2579 1245 2636 τοῦ
1269 2579 1311 2642 ὡς

179 2676 311 2759 τέταχεν.
335 2679 381 2739 δεῖ
401 2677 433 2738 δὲ
455 2674 563 2744 ἔξωθεν
587 2675 820 2760 προσλαμβάνειν
844 2676 876 2737 τὸ
899 2679 940 2742 ώς
961 2699 987 2736 κ.
1010 2675 1123 2737 ἀθετεῖν
1144 2677 1191 2738 τὸν
1212 2677 1310 2760 στίχον

179 2779 222 2862 (v.
248 2779 334 2860 500),
358 2779 545 2860 ταυτολογίαν
569 2777 624 2862 γὰρ
648 2779 781 2866 παρέχει.
826 2775 938 2858 Itaqve
960 2777 1086 2857 utriqve
1109 2777 1310 2858 displicebat,

179 2879 264 2962 qvod
285 2879 467 2944 Zenodotus
491 2879 599 2944 etalii
623 2903 664 2964 φη
687 2899 747 2960 pro
770 2877 932 2960 particula
954 2881 995 2945 ώς
1018 2886 1210 2959 acceperant
1233 2881 1309 2963 (vid.

179 2983 245 3046 sch.
273 2981 399 3065 Didym.
428 2981 468 3046 ad
497 2981 517 3047 l.
541 2981 588 3062 l.).
634 2981 737 3058 Qvare
759 3001 886 3044 versum
911 2983 972 3043 500
996 2981 1091 3044 otiam
1116 2981 1156 3044 ab
1181 2983 1310 3065 Apollo-

178 3084 232 3148 nio
263 3083 449 3148 damnatum
478 3082 584 3161 fuisse,
614 3081 783 3164 probabile
809 3081 945 3146 videtur.
991 3081 1185 3164 Qvamqvam
1214 3085 1311 3148 etiam

179 3183 249 3249 fieri
279 3191 394 3268 potest,
422 3191 458 3248 ut
486 3206 558 3249 cum
586 3185 722 3267 Didymo
750 3184 841 3247 illum
868 3183 992 3266 legerit,
1021 3192 1209 3266 argumento
1239 3208 1311 3251 enm

181 3287 354 3352 defendens
381 3287 443 3351 hoc
470 3285 519 3349 vel
541 3286 650 3350 simili:
675 3322 715 3334 -
737 3323 779 3332 -
802 3285 874 3370 ὅπερ
898 3285 951 3348 οὐκ
974 3286 1137 3368 ἀναγκαῖον.
1161 3294 1218 3361 (sc.
1243 3309 1311 3352 ver-

180 3409 250 3453 sum
274 3387 434 3473 damnari)
458 3389 606 3470 ποιητικὸν
630 3387 684 3472 γὰρ
709 3385 777 3455 ἔθος
799 3389 938 3456 πολλάκις
959 3412 986 3450 κ.
1010 3389 1042 3450 τδ
1059 3388 1130 3451 αώτδ
1146 3389 1311 3474 ἐπαναλαμ-

181 3491 321 3575 βάνεσθαι
344 3527 381 3538 --—
405 3526 448 3537 -
471 3489 584 3568 (schol.
609 3511 696 3572 supr.
719 3490 833 3574 laud).

282 3609 401 3693 κωφόν
426 3657 432 3670 .
457 3656 464 3673 .
489 3656 496 3671 .
520 3607 543 3669 Ξ
569 3611 607 3670 16
631 3615 738 3694 κωφῷτ
764 3607 887 3692 μηδέπω
910 3608 1117 3692 ἑκκαχλάζυντι
1132 3610 1246 3693 κώματι,
1263 3634 1312 3694 αρ-

137 3796 141 3800 .
180 3711 299 3796 χομένιμ
332 3711 365 3774 δὲ
399 3693 634 3794 μεηεθοθσθαι’.
659 3759 666 3772 .
691 3759 698 3773 .
726 3709 849 3773 Eadem
882 3711 1025 3792 qvamvis
1053 3710 1182 3774 uberius
1211 3712 1310 3776 schol.

180 3812 201 3875 l.
231 3813 252 3876 l.
283 3813 322 3877 cf.
352 3812 450 3877 schol.
473 3812 497 3874 Δ
520 3815 592 3875 390.
617 3849 656 3858 -
680 3811 718 3874 ln
741 3811 845 3894 Etym.
869 3809 912 3874 M.
936 3831 961 3874 s.
985 3833 1013 3875 v.
1038 3812 1158 3897 κωφός
1180 3813 1311 3895 Apollo-

98 3931 101 3938 ’
181 3915 252 3978 nius
280 3915 370 3980 testis
399 3917 517 3979 citatur
546 3915 574 3976 ἐν
604 3918 664 3981 ταῖς
686 3916 862 3996 ρλώσσαις;“
884 3913 970 3976 hunc
991 3933 1066 3978 vero
1090 3935 1109 3977 a
1132 3921 1241 3980 nostro
1266 3916 1312 3980 di·

181 4038 307 4082 versum
335 4038 413 4094 esse,
439 4018 507 4100 jam
532 4039 571 4082 ex
592 4016 858 4098 interpretatione
881 4015 949 4098 ejus
971 4015 1064 4080 valde
1088 4016 1232 4082 dissimili
1255 4040 1312 4101 ap·

181 4126 283 4202 paret.
329 4119 388 4184 Est
415 4120 502 4184 haud
526 4119 622 4184 dubie
645 4117 749 4200 Apoll.
795 4117 963 4200 Dyscolus,
987 4138 1077 4199 qvem
1103 4121 1235 4184 eundem
1259 4120 1310 4184 Et.

181 4221 224 4286 M.
247 4244 278 4305 p.
304 4227 375 4300 722,
400 4227 436 4286 21
464 4223 509 4302 ,ἐν
533 4223 667 4308 ἐξηγήσει
689 4225 745 4284 τῶν
764 4217 925 4305 Ἡροδότου
948 4223 1115 4302 ·ρλυισσῶν.“
