3108 4870
320 329 360 389 78

275 511 486 597 etymologica
512 513 590 589 κίνις,
617 513 758 596 κινήσεως
786 517 857 589 oet,
884 511 991 576 nascio
1015 533 1066 590 un,
1089 513 1245 597 ejusmodi
1268 514 1332 578 sint
1352 535 1402 580 re·

275 613 424 680 cautioris
447 613 611 678 doctrinae
632 612 806 696 panniculi,
824 633 957 694 quorum
975 615 1146 678 maximam
1165 616 1292 698 copiam
1308 636 1404 698 prae·

273 716 329 780 bet
350 716 454 800 Etym.
476 715 519 780 M.
544 715 590 780 ef.
613 716 664 780 Et.
688 715 731 778 M.
754 737 783 779 ν.
806 716 897 778 uculo.
943 714 1033 780 Haeo
1053 716 1250 799 interpolata
1266 738 1336 783 esse
1352 718 1402 783 vel

273 817 347 882 inde
369 823 515 900 apparet,
538 817 632 901 qvod,
654 816 743 881 nullo
765 817 941 882 sententiae
955 838 1039 882 nexu
1053 818 1226 896 rationare,
1242 819 1316 884 laxe
1331 825 1402 884 tau·

273 925 342 984 tum
369 941 441 984 cum
468 917 736 1002 praecedentibus
765 917 988 1000 conglutinata
1014 925 1098 997 sunt,
1122 925 1154 984 et
1174 921 1244 984 siue
1265 919 1333 985 ulla
1351 921 1401 1004 ja-

273 1027 366 1087 ctura
388 1021 492 1086 omitti
514 1025 657 1104 possunt.

375 1123 509 1207 κόπρος
535 1126 555 1206 ἡ
585 1126 641 1184 τῶν
668 1124 771 1206 κήπων
794 1126 835 1190 ὡς
856 1146 883 1184 κ.
907 1125 1002 1207 ἡμεῖς.
1025 1122 1104 1205 λέγει
1126 1123 1159 1186 δὲ
1181 1124 1275 1192 ούτιος
1296 1148 1323 1186 κ.
1347 1125 1400 1208 τὴν

271 1225 357 1288 κόνιν.
385 1226 417 1287 τὸ
447 1225 497 1308 μέν
524 1223 664 1309 πρότερον
693 1261 750 1302 „-·
779 1260 819 1271 -—
846 1225 1049 1308 κοπρίσαντες“
1078 1224 1163 1307 (lege
1189 1228 1401 1311 κοπρήσοντες)

273 1351 288 1411 ρ
317 1329 388 1389 299.
418 1327 451 1390 τὸ
478 1327 511 1389 δὲ
532 1326 667 1410 δεύτερον
696 1325 916 1410 »κυλινδόμενος
937 1325 1012 1390 κατὰ
1034 1325 1157 1411 κόπρυν“
1182 1327 1226 1412 (Χ
1247 1331 1311 1392 414
1334 1328 1401 1411 agi·

271 1433 325 1492 tur
353 1428 393 1493 de
418 1428 547 1492 Priamo
574 1428 608 1492 in
629 1428 760 1510 pulvere
782 1449 816 1492 se
838 1427 1025 1511 volutante).
1049 1465 1090 1476 -
1113 1466 1154 1476 -
1178 1453 1205 1491 κ.
1227 1431 1281 1513 τἠν
1303 1430 1401 1492 στάσιν

271 1536 328 1595 τῶν
352 1533 428 1616 βοῶν
450 1529 475 1593 Σ
499 1533 570 1594 575.
615 1529 795 1595 θεοπρόποι
817 1535 942 1594 tantum
964 1529 1229 1613 significationem
1244 1531 1286 1595 ab
1301 1531 1400 1595 Arist.

271 1639 457 1698 annotatam
479 1632 585 1696 inveni
606 1632 640 1695 in
661 1632 760 1697 schol.
784 1631 809 1694 Ω
835 1635 897 1696 164
919 1632 1041 1718 (agitur
1064 1632 1103 1696 de
1118 1631 1229 1698 eodem
1245 1633 1402 1720 Priamo),

270 1733 327 1798 ubi
354 1733 542 1798 observatur
569 1733 677 1817 κόπρος
705 1754 773 1798 esse
801 1736 923 1812 σποδός;
952 1753 1081 1799 necesse
1104 1740 1281 1799 esttamen
1304 1735 1401 1800 etiam

270 1836 409 1918 primam
436 1835 617 1916 acceperit,¹
637 1856 838 1917 quamquam,
861 1835 917 1899 ubi
940 1835 979 1900 de
1001 1835 1183 1902 hominibus
1206 1844 1332 1920 agatem,
1354 1837 1401 1901 ita

270 1943 396 2002 mutata
429 1936 671 2020 significatione,
703 1943 740 2001 ut
765 1938 808 2002 sit
834 1937 874 2002 do
894 1937 1026 2018 ραόοονο
1053 1938 1102 2002 vel
1130 1939 1231 2004 σι’κενο
1257 1941 1400 2022 cogitari·
1520 1971 1521 1974 ¹

255 2039 358 2104 idum.
402 2039 449 2103 Of.
473 2040 539 2104 soh.
564 2063 579 2124 ρ
604 2043 665 2102 299
687 2039 724 2103 Β.

372 2142 508 2225 κοτύλη
537 2147 593 2205 πᾶν
622 2143 654 2204 τὸ
681 2145 789 2204 κοῖλον.
812 2141 828 2204 ό
852 2142 884 2204 δὲ
906 2139 1018 2205 Ἀπίων
1041 2143 1073 2204 τό
1095 2146 1192 2206 κοῖλον
1216 2147 1269 2228 τῆς
1289 2142 1399 2228 χειρός.

269 2247 519 2328 κοτυλήρυτον
543 2243 630 2327 αἷμα
652 2243 737 2319 πολύ,
760 2245 837 2306 ὥστε
858 2243 968 2327 κοτύλῃ
992 2244 1164 2328 ἀρύσασθαι.
1198 2244 1249 2308 Et..
1266 2243 1309 2306 M.
1325 2265 1399 2326 pro·

269 2345 358 2408 xima
380 2345 478 2410 verba
501 2345 543 2410 ad
565 2345 744 2427 exemplum
767 2346 900 2428 Apionis
923 2347 1106 2410 accuratius
1129 2346 1284 2428 explicat:
1309 2347 1398 2408 -τό

270 2447 344 2510 πολὺ
366 2471 393 2508 κ.
418 2451 555 2510 τοσοῦτον
578 2449 619 2533 τῷ
643 2447 751 2532 πλήθει
774 2449 850 2510 ὥστε
872 2449 921 2510 καλ
943 2454 983 2534 τῷ
1007 2449 1095 2534 κοίλῳ
1118 2454 1171 2532 τῆς
1192 2450 1292 2532 χειρός
1315 2449 1398 2511 δύνα-

269 2550 338 2613 σθαι
360 2549 511 2634 ἀρύεσθαι.
556 2549 661 2614 Schol.
685 2551 825 2614 Ariston.
848 2550 879 2612 Ψ
902 2555 943 2613 34
966 2551 1009 2614 ὅτι
1031 2555 1121 2637 ψιλῶς
1143 2550 1332 2636 προενεκτέον
1354 2574 1398 2614 κο·

269 2655 440 2736 τυληρυτον·
468 2652 503 2715 ού
531 2651 586 2737 γὰρ
614 2652 672 2714 ἀπὸ
699 2658 752 2736 τῆς
774 2653 886 2737 ῥύσεως
908 2651 972 2715 ἀλλ’
997 2653 1129 2716 ἀπὸτοῦ
1152 2654 1265 2738 ἀρόσαι
1289 2655 1397 2737 κοτύλη

269 2756 302 2817 δὲ
324 2755 399 2823 εἶδος
421 2756 561 2839 ποτηρίου
583 2755 693 2817 κοιλου.
721 2753 916 2839 Ἀρίσταρχος
931 2756 1017 2832 πολύ,
1033 2758 1110 2819 ὥστε
1124 2779 1185 2822 κοτ.
1202 2757 1286 2840 ἀρύσ.
1320 2756 1396 2821 For·

268 2861 354 2921 tasse
369 2858 403 2921 in
417 2857 479 2921 lex.
495 2863 569 2939 post
583 2857 692 2939 κοτύλη
709 2857 827 2920 excidit
842 2857 1023 2938 explicatio,
1040 2878 1135 2940 qvam
1150 2857 1271 2922 babent
1285 2858 1395 2924 seholl.

268 2957 300 3022 X
321 2961 385 3022 494
408 2964 440 3022 et
462 2959 492 3022 Ψ
515 2963 556 3022 34
579 2959 654 3026 εἶδος
676 2961 826 3043 ποτηρίου.
871 2959 988 3044 (Lehrs
1010 2961 1065 3023 Ar.
1091 2962 1187 3041 308.).

371 3061 491 3144 κουρίξ
515 3097 553 3107 -
576 3097 618 3108 -
642 3061 675 3123 τὸ
697 3067 750 3144 τῆς
772 3061 862 3144 κόρης
883 3061 1035 3148 λαβέσθαι·
1071 3061 1266 3145 (Respicitur
1286 3085 1309 3145 χ
1326 3065 1395 3138 187,

271 3164 331 3225 188
360 3199 399 3208 -
429 3161 545 3245 ρὲλέτην
575 3160 681 3244 ἔρυσάν
710 3162 741 3225 τέ
769 3185 814 3246 μιν
849 3162 918 3226 εἴσω
946 3164 1069 3248 κουριἜ,“
1099 3183 1196 3246 qvare
1224 3165 1333 3228 neseio
1356 3184 1396 3228 au

268 3271 367 3347 capul
395 3263 520 3347 glossae
546 3265 694 3346 primitus
722 3266 819 3330 fuerit
846 3289 927 3350 κουρ.
956 3265 1057 3349 ἑλέτην
1080 3266 1129 3330 vel
1151 3267 1250 3347 ἑλεῖν.)
1275 3264 1343 3330 ἔνιοι
1365 3266 1398 3327 δὲ

267 3370 409 3450 κουρικῶς
424 3367 482 3430 οἷον
498 3371 644 3435 νεανικῶς.
679 3367 820 3432 Primam
836 3367 1080 3450 explicationem
1098 3367 1278 3432 Aristarchi
1290 3368 1396 3444 fuisse,

268 3467 403 3532 alteram
431 3467 578 3546 Cratetis,
607 3469 706 3534 schol.
736 3469 830 3534 docet
857 3469 899 3534 ad
928 3491 950 3553 χ
975 3473 1045 3547 188,
1068 3469 1124 3533 ubi
1146 3491 1206 3552 pro
1229 3475 1282 3553 τῆς
1303 3469 1397 3552 κόμης

266 3570 437 3654 legendum
464 3570 554 3656 κόρης
581 3571 800 3657 ἐπιλαβόμενον.
844 3572 895 3635 Et.
923 3569 966 3634 M.
995 3571 1093 3636 habet
1119 3571 1236 3655 κόρσης,
1268 3569 1397 3634 τουτέστι

267 3680 319 3759 τῆς
350 3679 491 3760 κεφαλῆς.
537 3674 709 3749 Probabile
741 3681 789 3739 est
816 3681 984 3757 utramqve
1013 3675 1259 3756 explicationem
1282 3696 1322 3739 ex
1344 3695 1395 3739 eo-

267 3777 338 3841 dem
373 3778 461 3842 fonte
494 3776 696 3859 profluxisse,
724 3777 846 3841 scilicet
875 3798 915 3841 ex
942 3777 1122 3841 Aristarchi
1149 3777 1395 3854 commentariis,
1518 3815 1519 3864 ι

265 3877 299 3940 in
322 3878 435 3960 qvibus
458 3879 510 3942 hic
533 3885 565 3954 et
588 3900 668 3961 qvae
690 3879 761 3961 ipse
784 3885 815 3943 et
838 3900 918 3961 qvae
940 3879 1143 3944 adversarius
1166 3879 1306 3956 sentiret,
1323 3899 1395 3961 pro·
1518 3875 1519 3916 l

265 3999 385 4061 ponere
406 3979 539 4045 solebat.

367 4087 498 4166 κρεῖον.
543 4081 614 4160 Ηίο,
637 4088 673 4146 ut
696 4083 833 4165 saepius,
857 4082 939 4147 duae
961 4083 1118 4161 notiones,
1141 4101 1221 4164 qvae
1243 4103 1283 4146 ne
1305 4081 1395 4146 mini·

266 4204 319 4247 ma
347 4184 472 4266 quidem
501 4183 653 4248 societate
683 4185 766 4249 inter
784 4205 819 4249 se
842 4186 1088 4267 conjunguntur,
1109 4183 1223 4248 inscite
1246 4184 1395 4248 confusae
