3098 4874
1191 333 1228 390 21

143 518 179 582 F.
207 517 398 582 Bitschelius
427 517 474 603 (in
498 515 733 598 monographia
755 515 933 594 ,Heliodou
957 516 1014 580 der
1038 514 1274 596 Glossograph“

145 620 261 703 Opusc.
284 621 310 698 I,
335 623 396 692 116
420 621 507 701 sqq.)
531 617 662 700 colligit,
685 617 851 684 Heliodori
875 618 997 701 glossas
1020 638 1083 681 non
1106 621 1196 680 recta
1225 616 1277 680 via

143 726 176 788 in
210 721 335 786 lexicon
368 721 580 802 immigrasse,
614 719 670 782 sed
703 719 861 801 Apionem
880 719 957 782 -illis
984 739 1087 796 usum,
1116 738 1276 798 qvaecun-

143 846 203 908 qve
236 825 265 888 ei
299 822 506 904 placuissent,
534 821 575 884 ad
602 820 733 885 verbum
768 820 969 902 compilasse,
1002 820 1049 884 ita
1080 825 1116 882 ut
1145 817 1275 900 Apollo-

142 927 196 992 nio
224 932 257 991 et
284 923 417 988 Homeri
452 923 694 988 commentatori
723 923 848 1004 glossae
877 929 908 986 et
935 921 1069 1003 Apionis
1103 927 1135 984 ιι
1168 919 1277 983 Ηιιιο-

144 1029 215 1094 dori
253 1034 321 1090 tum
360 1032 430 1091 ttan
432 1048 484 1090 um
522 1025 666 1140 singulae
705 1023 888 1090 afferendae
928 1029 1044 1100 essent,
1086 1043 1158 1086 cum
1191 1021 1276 1084 inter

144 1151 179 1194 se
209 1128 382 1193 differrent.
425 1128 508 1192 Nam
542 1149 561 1192 a
589 1133 653 1192 tter
653 1127 686 1192 ia
714 1148 812 1191 manu
840 1125 1018 1190 confectam
1047 1123 1275 1200 recensionem,

144 1232 178 1295 in
191 1251 252 1313 qva
262 1231 332 1312 J'am
347 1252 368 1294 u
370 1230 511 1312 triusqve
528 1229 677 1312 glossae
668 1251 701 1292 ιιι
713 1249 812 1292 unum
826 1227 943 1292 conflat
930 1232 983 1291 tae
1000 1231 1145 1302 essent‚t
1146 1245 1276 1307 empore

143 1332 315 1414 Apollonii,
338 1332 429 1414 cujus
453 1337 486 1397 et
508 1331 636 1394 auditor
657 1331 727 1412 ipse
749 1331 856 1411 Apion
872 1333 964 1406 esset,
981 1329 1122 1394 nondum
1140 1328 1277 1392 existere

142 1435 295 1517 potuisse.
319 1472 359 1482 -
384 1433 435 1496 Ab
457 1433 507 1495 his
524 1432 689 1513 glossariis
705 1431 948 1512 distinguendus
964 1435 1013 1494 est
1029 1431 1275 1494 commentarius

143 1537 207 1614 ille,
236 1536 371 1617 Apionis
399 1539 431 1597 et
458 1533 618 1597 Herodori
648 1533 776 1596 nomine
804 1532 886 1596 falso
912 1532 1095 1614 inscriptus,
1125 1551 1186 1612 qvo
1209 1551 1277 1594 sae·

145 1657 186 1718 pe
208 1637 311 1700 utitur
333 1635 522 1699 Eustathius
545 1635 661 1719 (Lehrs
683 1635 738 1698 Ar.
763 1638 825 1697 370
850 1635 936 1719 sqq.)

250 1741 279 1800 8.
324 1736 525 1802 Sidonias.
576 1736 632 1812 Qvi
668 1757 756 1816 „cum
789 1737 1069 1801 Aristarchearum
1103 1735 1275 1800 lectionum

146 1838 235 1903 testis
273 1837 423 1902 laudetur
456 1858 476 1901 a
508 1837 646 1920 Didymo
682 1837 781 1901 schol.
839 1836 863 1900 T
898 1841 959 1901 365
994 1875 1035 1886 -
1069 1875 1111 1886 -
1144 1843 1177 1902 ιι
1204 1859 1277 1902 cum

145 1940 187 2005 ab
215 1939 327 2006 eodem
353 1937 507 2022 Didymo*
520 1939 646 2020 saepius
674 1938 833 2018 laudetur,
857 1947 952 2022 atqve
975 1939 1015 2004 ab
1039 1940 1221 2004 Aristonico
1245 1945 1277 2003 et

144 2041 315 2124 Apollonio
339 2041 501 2124 Sophiste,
524 2062 589 2104 non
613 2046 661 2104 est
683 2041 814 2106 dubium
838 2044 913 2124 qvin
935 2043 1215 2106 Aristarcheorum
1233 2042 1277 2104 vi-

144 2144 229 2208 xerit
256 2149 388 2208 aetatc.“
434 2141 487 2206 Sic
514 2142 669 2220 Beccard,
698 2143 819 2207 addens
848 2165 920 2208 eum
947 2144 1122 2224 praecipue
1145 2163 1277 2224 operam

147 2246 272 2310 dedisse
299 2246 347 2309 rei
375 2245 506 2308 criticae
534 2245 666 2310 Homeri
694 2251 727 2309 et
754 2246 1000 2310 commentarios
1029 2246 1204 2328 scripsisse.
1250 2245 1277 2307 Ε

147 2348 215 2412 sch.
244 2345 268 2409 T
298 2350 370 2424 365,
396 2346 454 2412 ubi
481 2347 655 2411 Aristarchi
678 2367 792 2411 causas
815 2353 848 2412 et
869 2349 1010 2412 rationes
1035 2348 1162 2412 criticas
1186 2346 1276 2411 Sido-

146 2451 219 2514 nius
241 2449 381 2530 exponit,
405 2454 542 2531 apparet
564 2470 636 2512 eum
658 2451 774 2513 mirum
798 2455 950 2532 qnantum
972 2451 1031 2516 has
1054 2452 1199 2533 cognitas
1221 2451 1278 2514 ha-

146 2551 263 2629 buisse,
287 2551 367 2615 adeo
390 2557 427 2614 ut
449 2551 555 2628 sciret,
579 2573 656 2633 qvas
678 2552 830 2616 lectiones
854 2554 890 2616 A.
908 2553 972 2618 alio
990 2559 1134 2635 tempore
1151 2552 1279 2635 rejecis-

147 2659 204 2729 set,
228 2653 291 2718 alio
315 2653 478 2718 tenuisset.
523 2653 626 2730 Qvare
649 2675 720 2718 cum
743 2655 776 2716 in
799 2641 859 2718 lex.
883 2657 943 2737 Ap.
968 2677 992 2720 s.
1016 2678 1044 2719 v.
1068 2655 1181 2739 ἕρματα
1202 2654 1278 2718 dioi-

146 2761 209 2832 tur,
239 2775 301 2836 qva
329 2755 453 2818 ratione
481 2756 688 2820 Aristarchus
715 2755 739 2818 A
764 2761 823 2819 117
848 2757 1046 2820 damnaverit
1070 2762 1101 2820 et
1121 2777 1197 2818 mox
1223 2755 1278 2819 ad-

147 2856 242 2934 ditur,
267 2877 329 2938 qva
352 2856 392 2920 de
414 2877 512 2920 causa
534 2857 627 2922 Dion.
653 2857 802 2922 Sidonius
825 2858 961 2922 eundem
983 2878 1109 2922 versum
1131 2855 1278 2922 defende-

147 2959 200 3034 rit,
223 2958 310 3022 haud
327 2959 392 3022 scio
410 2964 451 3022 an
467 2959 715 3042 lexicographns
733 2981 855 3042 qvoqve
872 2959 1038 3024 Sidonium
1055 2960 1280 3024 Aristarcheae

148 3059 307 3142 opinionis
334 3061 365 3124 h.
394 3061 415 3122 l.
445 3066 557 3125 testem
582 3063 668 3126 citet.
713 3062 875 3126 Incertum
898 3068 1006 3126 tamen
1028 3062 1089 3127 hoc
1113 3083 1181 3126 esse
1205 3084 1279 3127 con-

147 3162 237 3228 cedo.
283 3162 348 3226 Sub
377 3163 575 3248 ιββάλιεινι
577 3184 628 3226 am
657 3164 831 3228 disertus
822 3186 856 3227 in
884 3163 1015 3229 Sidonio
1037 3163 1200 3229 laudando
1223 3187 1280 3229 no-

147 3269 213 3330 ster
241 3270 299 3342 est,
327 3267 473 3347 utipsos
496 3265 565 3347 ejus
589 3266 833 3330 commentarios
858 3286 929 3330 eum
952 3266 1067 3349 legisse
1090 3267 1243 3347 suspicer.

251 3371 280 3430 9.
329 3366 553 3448 Timagenes
587 3387 611 3431 s.
646 3389 673 3430 v.
703 3367 824 3450 ἅρπυιαι
850 3367 1001 3432 laudatus
1030 3369 1076 3451 „tr
1063 3372 1280 3452 νταῖςπαρα·

147 3470 312 3553 φριίσεσιν.ις
358 3468 889 3554 (vid.vi11.Pr01egg.XV111).
939 3471 1121 3553 Timagenes
1150 3471 1279 3553 qvidam

147 3593 167 3636 ιι
195 3570 295 3636 Suida
322 3577 480 3636 memora
481 3593 530 3650 ur
560 3578 631 3637 orat
634 3593 670 3638 or
697 3573 943 3652 Alexandrinus,
967 3574 1019 3656 qvi
1042 3575 1101 3640 sub
1124 3574 1279 3656 Pompejo

148 3677 180 3737 ιι
167 3673 340 3738 thesare
363 3674 483 3738 Romae
507 3674 615 3740 docuit
602 3674 795 3757 tt'eloqven
787 3697 861 3740 ram.

253 3779 302 3838 10.
347 3775 586 3858 Archigenen
623 3779 751 3859 qvidam
786 3778 845 3842 sub
880 3777 966 3862 ὄρθια
998 3777 1160 3842 laudatur.
1206 3775 1281 3853 Qvis

147 3897 223 3942 vero
251 3877 348 3942 fuerit
370 3878 434 3956 ille,
457 3880 573 3944 nescio.
618 3880 728 3962 Neqve
751 3881 835 3944 enim
856 3880 884 3943 is
907 3899 976 3944 esse
998 3883 1055 3959 pot
1042 3879 1104 3942 tuit
1126 3879 1279 3962 Archige-

147 3999 213 4056 nes,
237 3979 379 4044 medicus
402 3982 601 4063 Apamensis,
625 3982 677 4063 qvi
700 3980 835 4046 Suidat
821 3987 903 4044 ttees
871 3980 1045 4045 teRomae
1067 3981 1146 4046 vixit
1132 3982 1279 4063 TtrJ'aa-

148 4101 190 4146 no
217 4083 397 4166 imperante
425 4089 457 4146 et
444 4082 577 4146 ιπολλὰ
606 4083 768 4167 ἰατρικὰκ.
798 4083 905 4166 φυσικά
927 4081 1065 4203 scripsit.
1043 4083 1172 4149 tHio
1195 4084 1278 4148 enim

147 4183 318 4266 Apollonio
341 4184 475 4250 inferior
498 4184 567 4249 luit.
