3098 4874
1233 347 1273 404 27

184 545 318 590 scutum
341 530 398 603 est,
422 525 580 607 quomodo
602 525 665 590 hoc
680 531 737 590 aut
751 531 857 591 ortum
875 533 932 592 aut
948 532 1132 608 excerptum
1150 531 1318 592 auctumve

187 627 240 704 sit,
263 626 338 691 hinc
360 627 468 691 omnia
489 625 604 691 melius
626 625 839 692 illustrantur.

290 728 434 791 Primum
456 727 555 810 igitur
576 729 705 793 ineunte
727 729 856 794 saeculo
878 750 909 812 p.
926 729 1001 794 chr.
1019 751 1049 793 n.
1069 730 1172 812 primo
1188 729 1336 812 Apollo·

185 829 260 893 nius
288 827 434 892 Archibii
459 826 544 892 filius
566 829 614 892 vel
638 829 799 911 Sophiste,
823 831 875 912 qvi
897 837 1012 912 postea
1033 830 1218 909 vocabatur,
1241 831 1318 895 lexi-

183 951 249 994 con
274 929 419 995 condidit
439 929 656 1008 Homericum,
674 931 817 996 fontibus
834 953 911 996 usus
924 932 1162 996 commentariis
1178 933 1318 996 Aristar·

188 1031 242 1096 chi
265 1036 297 1094 et
319 1030 388 1112 ejus
411 1030 639 1113 discipulorum
662 1032 861 1116 aliorumque
877 1038 973 1114 atqve
991 1032 1155 1116 glossariis
1173 1033 1319 1098 omnibus

185 1151 272 1214 qvae
294 1137 370 1196 tuno
392 1134 544 1214 temporis
567 1133 608 1198 ad
625 1133 801 1200 Homerum
821 1135 999 1216 composita
1016 1136 1199 1200 extiterunt.
1231 1134 1320 1211 Qvod

191 1253 270 1315 opus
294 1233 385 1315 qvale
408 1233 514 1312 fuerit,
538 1256 632 1317 qvam
649 1237 777 1300 omnino
796 1237 950 1300 disertum
968 1242 999 1301 et
1018 1236 1207 1318 perfectum,
1225 1257 1320 1318 qvam

188 1341 340 1400 accurate
363 1341 396 1400 ct
418 1335 582 1418 eleganter
604 1335 814 1415 elaboratum,
836 1339 869 1401 id
893 1339 988 1403 etiam
1005 1359 1089 1402 nunc
1105 1338 1251 1403 meliores
1268 1358 1319 1402 ar-

185 1436 279 1501 ticuli
312 1442 408 1518 atqve
441 1437 633 1519 integriores
664 1439 782 1502 servati
815 1439 998 1503 ostendunt.
1043 1439 1122 1503 Cum
1156 1461 1230 1504 vero
1258 1441 1320 1504 hoc

187 1537 314 1602 lexicon
337 1537 439 1602 multa
461 1539 648 1615 contineret,
672 1559 752 1620 qvae
774 1542 952 1622 posteriore
975 1549 1118 1623 tempore
1141 1541 1320 1624 legentibus

190 1639 318 1703 levioris
350 1659 419 1704 esse
452 1641 604 1705 momenti
643 1640 826 1706 viderentur
853 1643 1027 1726 qvibusqve
1054 1643 1148 1708 facilc
1175 1664 1320 1726 superse-

189 1739 313 1818 derent,
337 1747 373 1805 ut
395 1741 486 1806 multi
509 1741 572 1806 loci
593 1742 797 1824 scriptorum,
820 1745 950 1810 nomina
973 1749 1150 1822 auctorum,
1173 1745 1320 1828 longiora

187 1841 358 1924 ascriptis
380 1843 662 1925 grammaticorum
688 1851 850 1926 excerpta,
874 1845 938 1910 alia
960 1846 1131 1927 permulta,
1154 1847 1235 1912 haec
1253 1868 1319 1912 om-

188 1943 242 2008 nia
265 1943 441 2026 quicunque
456 1944 578 2027 aliquot
592 1945 728 2010 saeculis
743 1954 817 2028 post
833 1947 958 2012 lexicon
976 1947 1211 2026 describebant,
1228 1947 1320 2030 paul-

187 2043 279 2108 latim
306 2046 454 2111 omittere
482 2053 666 2129 coeperunt.
711 2049 762 2112 Ita
789 2047 909 2112 factum
933 2054 989 2125 est,
1013 2055 1050 2112 ut
1071 2049 1219 2131 plurimis
1242 2048 1320 2113 locis

188 2147 320 2212 nomina
342 2154 511 2214 auctorum
534 2150 651 2215 omissa
674 2152 746 2229 sint,
771 2155 803 2214 et
824 2169 905 2232 qvae
928 2170 968 2213 ex
991 2170 1101 2214 eorum
1125 2149 1255 2231 scriptis
1274 2149 1321 2214 af·

190 2247 338 2312 feruntur
366 2270 462 2333 saepe
488 2256 555 2315 tam
583 2252 616 2316 in
644 2253 811 2335 angustius
834 2255 1010 2330 contracta,
1033 2252 1130 2318 immo
1154 2273 1269 2316 manca
1290 2259 1322 2316 et

191 2349 340 2415 mutilata
367 2351 439 2430 sint,
466 2373 569 2434 paene
595 2360 632 2418 ut
659 2375 755 2418 sensu
783 2359 924 2418 careant.
969 2353 1035 2432 Qvo
1065 2355 1224 2437 antiquior
1252 2361 1322 2418 erat

191 2457 313 2530 auctor,
343 2473 380 2518 eo
408 2454 562 2537 majorem
591 2457 619 2521 ei
649 2458 711 2521 vim
740 2456 932 2536 afferebant3
962 2478 1023 2538 qvo
1052 2456 1171 2520 factum
1200 2461 1257 2534 est,
1286 2463 1322 2520 ut

187 2575 271 2637 qvae
293 2576 333 2620 ex
354 2557 542 2623 Aristarcho
564 2559 712 2641 profecta
727 2565 810 2637 sunt,
827 2579 938 2624 eorum
953 2565 1079 2624 tantum
1095 2559 1227 2622 minima
1244 2578 1321 2640 pars

189 2677 305 2722 nomen
328 2658 397 2741 ejus
420 2659 565 2724 additum
586 2663 769 2740 servaverit,
793 2667 825 2726 et
847 2662 1076 2744 discipulorum
1099 2661 1167 2744 ejus
1192 2660 1323 2724 nomina

187 2759 257 2842 jam
284 2761 396 2842 paucis
424 2761 503 2826 locis
532 2768 649 2828 extent.
700 2765 743 2827 At
775 2763 909 2845 Apionis
938 2771 971 2827 et
1000 2762 1166 2826 Heliodori
1193 2763 1323 2826 nomina

191 2867 223 2924 et
251 2861 347 2940 dicta,
375 2883 508 2945 quorum
536 2865 682 2948 argutiae
710 2865 833 2938 saeculi¹
851 2865 979 2946 ingenio
1002 2862 1104 2946 magis
1126 2861 1322 2941 arridebant,

192 2963 306 3028 melius
333 2971 460 3030 servata
488 2972 571 3030 sunt.
616 2967 728 3049 Itaque
756 2965 925 3048 paullatim
949 2966 1082 3029 extitere
1105 2964 1199 3028 lexici
1222 2965 1323 3048 epito-

191 3085 273 3144 mae,
296 3066 379 3132 aliae
402 3068 506 3146 aliter,
530 3068 602 3150 plus
625 3069 767 3134 minusve
791 3073 960 3150 excerptae
975 3073 1016 3132 et
1032 3073 1226 3132 contractae.
1260 3067 1323 3132 Ne-

192 3189 252 3249 qve
275 3169 358 3233 enim
382 3170 546 3251 excerptio
569 3169 722 3251 perlecta,
746 3191 826 3252 qvae
848 3175 951 3234 totum
975 3169 1100 3234 lexicon
1118 3189 1323 3252 persequere·

191 3279 254 3348 tur,
290 3269 388 3336 fuisse
421 3271 555 3336 videtur.
586 3307 625 3318 ·-
654 3271 696 3335 Et
725 3293 786 3354 qvo
813 3273 915 3354 magis
943 3272 1130 3354 antiquioris
1159 3272 1323 3335 doctrinae

192 3378 408 3450 monumenta,
431 3373 464 3436 in
486 3373 589 3438 lexico
612 3373 742 3452 tradita,
761 3375 952 3439 contrahere
969 3380 1001 3438 et
1018 3374 1207 3438 imminuere
1225 3371 1321 3436 aude-

192 3473 271 3538 bant
297 3475 535 3557 epitomatorss,
564 3495 601 3540 eo
630 3475 739 3558 plures
768 3475 956 3540 recentioris
985 3475 1171 3540 eruditionis
1194 3493 1318 3557 pannos

191 3575 294 3642 lexico
322 3577 457 3643 adsuere
486 3585 675 3660 coeperunt3
704 3599 802 3662 qvaro
828 3578 997 3661 paullatim
1027 3579 1060 3642 in
1090 3578 1156 3642 dies
1177 3576 1319 3658 magisa

193 3679 330 3760 genuina
353 3679 456 3745 forma
479 3679 636 3746 deflexum
661 3686 717 3746 est.
