3108 4870
340 335 397 394 102

293 519 462 604 ἀνιεμένη
491 519 543 584 all.
571 557 613 567 -
641 522 743 603 Atqve
768 522 826 586 has
854 521 975 603 glossas
1002 541 1064 585 non
1093 541 1132 586 ex
1154 521 1410 605 hypomnematis

293 622 348 686 sed
383 643 400 686 e
428 623 582 706 glossario
609 622 664 686 illo
690 625 760 706 ipso
787 629 954 706 excerptas
980 624 1011 686 in
1040 623 1163 688 lexicon
1190 623 1361 702 influxisse,
1390 646 1411 688 e

292 725 399 788 multis
422 725 573 807 exemplis
596 725 736 808 colligas.
781 727 869 792 Haeo
890 726 1041 808 inspicias
1062 725 1169 790 velim:
1198 727 1410 810 αἰναρέτης,

291 828 473 912 ἀνέσαιμι,
501 828 685 912 ἀνιεμένη,
708 830 830 912 ἀπίης,
853 828 1049 914 ἀστεμφές,
1072 827 1221 910 ηέηοινε,
1244 827 1409 902 ἔθοντες,

291 931 442 1015 ἤλασαν,
470 933 664 1016 κυνάμυια,
688 932 853 1016 μέλλετε,
876 919 1252 1014 οὕλιος,.τρίλλιστος,
1275 931 1408 1015 φαλός.

289 1033 326 1096 lu
355 1034 403 1096 his
431 1034 513 1097 enim
536 1039 609 1116 post
631 1040 727 1115 caput
749 1033 873 1116 glossae
895 1054 969 1096 nrox
990 1032 1131 1114 sequitur
1153 1032 1259 1114 glossa
1280 1031 1328 1096 vel
1349 1054 1411 1115 pa-

291 1135 464 1216 raphrasis,
487 1135 622 1216 speciem
646 1156 723 1218 prae
745 1156 779 1200 se
801 1137 906 1200 ferens
927 1135 1025 1198 totius
1048 1134 1214 1216 cujusdam
1235 1155 1294 1216 per
1315 1155 1349 1200 se
1370 1135 1410 1198 fi-

290 1237 348 1299 niti
371 1236 583 1320 absolutiqve;
606 1243 672 1302 tum
695 1237 782 1303 nullo
805 1259 889 1302 nexu
912 1237 1031 1301 causali
1051 1237 1100 1301 vel
1115 1257 1226 1301 sensus
1240 1237 1322 1302 aliae
1337 1259 1409 1302 sen-

290 1340 409 1404 tentiae
437 1341 607 1422 excipiunt,
630 1342 676 1406 ita
698 1347 734 1404 ut
755 1339 925 1405 confinium
948 1339 1039 1404 valde
1061 1341 1263 1404 manifestum
1285 1347 1318 1404 et
1339 1362 1410 1406 cer-

291 1452 357 1506 tum
381 1442 518 1525 glossam
541 1442 582 1508 ab
603 1443 839 1525 inseqventibus
862 1443 1000 1519 dirimat,
1024 1462 1104 1524 qvae
1126 1452 1182 1506 aut
1203 1443 1272 1524 ipso
1289 1442 1411 1508 lexico-

290 1547 412 1628 graphc
435 1546 588 1628 originem
612 1545 727 1610 debent
748 1553 804 1608 aut
826 1566 844 1609 e
866 1544 1100 1610 commentariis
1116 1545 1250 1610 oriunda
1265 1552 1349 1608 sunt.
1369 1583 1408 1594 —

289 1647 327 1710 In
349 1649 462 1712 ceteris
485 1655 591 1712 autern
614 1647 756 1712 articulis
777 1647 863 1712 hand
885 1647 932 1712 ita
954 1646 1047 1712 facile
1067 1648 1275 1729 paraphrasis
1297 1669 1318 1711 a
1338 1654 1409 1713 tota

289 1751 446 1815 sententia
468 1750 594 1815 articuli
617 1751 803 1833 sejungitur.

392 1857 420 1917 3.
466 1851 569 1918 Semel
597 1853 682 1917 dicta
709 1853 758 1917 vel
785 1853 860 1922 ἅπαξ
890 1853 1028 1938 εἰρημένα
1055 1854 1134 1917 haec
1157 1874 1407 1919 commemoran-

290 1962 355 2019 tur:
380 1957 549 2037 ἐντυπάς,
571 1956 707 2041 κουρίξ,
730 1957 876 2032 κώδεια,
899 1958 1125 2020 λευκάσπιδα.
1149 1956 1196 2020 De
1218 1957 1268 2020 his
1290 1963 1322 2020 et
1336 1957 1404 2020 sim.

289 2061 438 2126 Lehrsius
465 2066 586 2125 monet:
615 2061 662 2140 „in
689 2059 818 2124 vocibus
845 2060 949 2124 rarius
978 2059 1025 2123 vel
1047 2057 1144 2123 semel
1166 2059 1404 2123 occurrentibus

290 2165 363 2247 qvid
396 2165 456 2229 sibi
488 2165 623 2229 voluerit
655 2169 760 2245 poeta,
788 2163 829 2226 ad
856 2163 1019 2244 propriam
1048 2162 1116 2244 ejus
1144 2161 1302 2240 virtutem,
1323 2181 1399 2242 qvae

289 2267 500 2348 perspicuitas
524 2273 571 2330 est
593 2271 624 2329 et
645 2264 779 2346 simplex
802 2270 834 2330 et
856 2265 1043 2328 couveniens
1067 2263 1172 2340 dictio,
1196 2263 1368 2345 expendit.“

391 2374 419 2431 4.
463 2369 640 2450 Praecepta
667 2372 698 2431 et
725 2367 864 2432 rationes
893 2366 1102 2450 etymologiae
1130 2387 1266 2449 graecae
1287 2365 1402 2430 Lersoh

290 2469 503 2554 (Sprachphil.
532 2470 561 2532 d.
591 2469 685 2534 Alton
711 2468 759 2532 ΙΙΙ
786 2491 818 2551 p.
847 2473 886 2532 78
914 2471 999 2551 sqq.)
1026 2469 1100 2532 inde
1128 2489 1148 2532 a
1170 2467 1285 2534 Stoicis
1307 2489 1404 2550 usque

289 2575 330 2638 ad
351 2572 475 2638 infimos
497 2573 666 2656 Byzantios
688 2593 887 2656 persequens,
910 2573 1118 2636 imitationem
1138 2571 1158 2635 l.
1175 2573 1289 2656 μίμησιν
1305 2592 1405 2654 agno-

288 2677 348 2740 scit
373 2678 509 2758 primam
532 2675 629 2739 fuisse
651 2676 806 2740 rationem
828 2695 939 2740 vocum
961 2674 1195 2758 fingendarum:
1219 2676 1332 2759 μίμησις
1354 2681 1407 2739 est

289 2779 496 2862 congruentia
518 2779 565 2844 rei
587 2783 618 2842 et
639 2777 777 2860 vocis*).
821 2777 858 2841 ln
880 2798 956 2841 voce
978 2779 1060 2840 enim
1083 2779 1154 2860 ipsa
1174 2799 1236 2855 res,
1257 2779 1328 2860 ipsa
1347 2798 1405 2842 no·

288 2882 333 2945 tio
361 2883 513 2965 (σημασία,
541 2881 766 2966 σημαινόμενον)
794 2881 942 2944 cernitur.
987 2880 1065 2944 Tum
1087 2879 1256 2944 Lerschius
1278 2880 1404 2964 singula

288 2983 387 3046 tradit
408 2990 590 3066 praecepta,
613 2983 786 3048 secundum
809 3004 888 3065 qvae
909 3003 1022 3048 vocum
1045 2982 1198 3048 derivatio
1219 2981 1288 3047 fieri
1311 2989 1402 3064 puta-

263 3086 392 3150 'batun
438 3086 516 3150 Cum
544 3107 618 3151 vero
646 3087 752 3150 omnia
773 3085 829 3150 illa
850 3088 954 3171 τροπή,
977 3085 1167 3169 πλεονασμός,
1190 3089 1332 3170 συηκοπή,
1356 3109 1402 3170 με·

288 3189 404 3257 cuidem<
432 3194 504 3253 cett.
532 3189 565 3251 in
593 3188 771 3252 incredibili
793 3189 860 3252 fere
881 3189 1009 3253 licentia
1030 3194 1204 3266 versentur,
1226 3189 1273 3252 ita
1295 3194 1331 3252 ut
1351 3189 1401 3252 vix

289 3314 352 3356 una
375 3292 416 3356 sit
437 3291 539 3368 litera,
563 3311 642 3373 qvae
664 3312 727 3356 non
749 3293 782 3355 in
805 3290 977 3374 quamlibet
999 3290 1094 3355 aliam
1117 3292 1234 3356 mutari
1255 3292 1358 3373 possit
1372 3298 1402 3355 et

286 3396 319 3458 in
352 3395 462 3458 eodem
495 3393 649 3458 vocabulo
683 3415 791 3458 omnes
823 3394 889 3458 fere
923 3393 1113 3458 mutationes
1140 3393 1306 3458 literarum
1333 3392 1401 3456 fieri

286 3498 419 3580 possint,
442 3498 473 3560 in
496 3497 652 3560 maximos
674 3517 798 3562 errores
821 3495 1016 3580 etymologos
1038 3495 1185 3559 incidisse
1208 3495 1262 3558 ait.
1296 3495 1401 3560 Etiam

286 3603 474 3667 severiorem
497 3621 531 3664 se
551 3600 686 3682 praebet
703 3599 843 3684 judicem
866 3600 1075 3682 antiquorum,
1091 3598 1143 3680 qvi
1158 3598 1334 3681 originibus
1349 3619 1401 3662 vo-

287 3727 357 3769 cum
383 3703 572 3786 indagandis
600 3722 730 3784 operam
758 3701 887 3779 dabant,
915 3702 953 3768 G.
982 3701 1109 3766 Curtius
1136 3699 1343 3783 (Grundziige
1371 3700 1400 3763 d.

287 3808 403 3889 griech.
431 3805 630 3890 Etymologie
657 3805 670 3849 ⁵
694 3808 722 3882 5,
746 3807 788 3886 6).
832 3804 1014 3882 Dicitfere‚
1037 3824 1147 3868 eorum
1169 3808 1271 3870 tutet
1294 3809 1402 3869 tantos

386 3979 412 4041 *l
423 3976 463 4030 ef.
481 3976 591 4045 ,ἰδίωμα
608 3975 626 4027 l.
645 3974 742 4047 μίμηιια
759 3977 845 4044 φωνῆς
862 3973 880 4027 l.
898 3974 976 4044 ἠχοῦς
993 3974 1011 4026 l.
1030 3975 1139 4044 ψόφου,“
1158 3974 1190 4028 de
1204 3975 1298 4043 qvibus
1310 3974 1400 4044 Apoll.

285 4063 335 4116 lex.
357 4060 404 4114 sub
426 4061 481 4113 his:
509 4061 591 4132 βράχε,
614 4062 736 4130 κάρκαιρε,
758 4058 889 4126 retemta,
912 4059 1065 4130 κνυζηθμοῦ,
1089 4059 1187 4129 λαῖτμα,
1211 4059 1279 4127 loire,
1304 4062 1399 4125 tame,

286 4151 348 4200 cett.
375 4147 545 4216 ,πεποιημένα
570 4147 635 4198 κατὰ
662 4145 764 4214 μίμησιν
789 4144 808 4197 l.
834 4144 1111 4216 ὀνοματοπεποιημένοι“
1137 4146 1214 4199 haec:
1241 4146 1399 4216 ἀναβέβροχε,

286 4232 507 4302 ἀνακυμβαλίαζον,
534 4231 681 4300 ἀναμαίμαε,
708 4231 846 4301 captasse,
869 4231 1033 4304 καταβρόξειν,
1054 4235 1209 4295 παππάζουσι
1230 4234 1316 4288 multa
1337 4233 1398 4288 alia.
