3108 4870
320 321 378 380 106

274 505 433 582 omissam,
455 504 489 568 id
511 509 655 586 spectare
677 502 801 569 videtur
823 501 905 585 qvod
927 502 1080 568 Zenodoti
1093 502 1238 568 lectionis
1252 503 1289 567 fit
1304 523 1389 568 men-

274 609 319 672 tio
341 629 365 672 s.
389 629 416 672 v.
439 608 608 690 ἀγγελίην
633 605 696 691 (cf.
720 604 901 690 φραδέος).

376 715 405 774 6.
450 710 500 774 Ad
528 731 655 774 sensum
682 708 908 773 vocabulorum
931 708 1097 790 proprium
1119 706 1318 773 enodandum
1338 707 1389 770 in-

274 813 461 895 terpretatio
493 811 670 876 Aristarchi
698 811 825 876 omniuo
852 809 964 876 tendit.
1008 809 1105 893 Cujus
1133 810 1265 874 rationis
1291 810 1387 874 etiam

274 914 338 979 alia
365 921 456 980 erant
483 915 623 997 propria.
668 913 779 995 Itaqvo
807 912 847 976 ab
870 913 1012 992 mediam,
1036 932 1129 993 qvam
1153 911 1270 989 dicunt,
1292 911 1389 993 sigui·

272 1017 453 1084 ficationem
476 1022 629 1082 annotata
651 1021 725 1080 sunt
751 1017 914 1100 ἀγήνωρ,
936 1015 1127 1098 ἀγηνορία,
1151 1014 1389 1098 ὑπερφίαλος,

274 1119 314 1184 ob
337 1121 466 1184 activam
490 1125 521 1184 et
538 1121 698 1198 passivam
723 1119 883 1182 notionem
907 1119 1068 1200 ἀΐδηλον;
1092 1116 1132 1182 ob
1155 1116 1271 1181 multas
1293 1116 1391 1198 signi-

272 1220 436 1286 ficationes
458 1221 565 1301 (πολλὰ
586 1222 731 1305 σημαίνει)
752 1220 892 1301 ejusdem
913 1221 998 1286 vocis
1020 1219 1209 1303 ἀγάασθαι,
1230 1219 1390 1294 ἐείσατο,

273 1323 382 1400 κόνις,
414 1325 624 1409 λεγοίμεθα,
660 1326 878 1408 μενεαίνειν,
906 1323 1054 1408 στυγέη,
1087 1321 1275 1408 χωόμενος
1303 1327 1390 1400 cett.;

273 1426 314 1491 ob
338 1448 463 1492 sensum
487 1428 618 1505 varium,
641 1427 682 1492 ab
706 1427 776 1492 aliis
798 1428 891 1492 aliter
911 1433 1087 1509 acceptum,
1110 1425 1261 1511 ἀβρότη,
1283 1426 1392 1510 ἀμφι-

272 1529 423 1612 γύοισιν,
446 1531 578 1617 ἀξύλῳ,
600 1531 792 1615 κροαίνυν;
816 1537 847 1595 et
869 1529 992 1613 vulgari
1014 1535 1046 1594 et
1067 1529 1198 1612 proprio
1220 1549 1314 1592 seusu
1336 1548 1390 1592 ao-

273 1640 366 1714 cepta
394 1635 473 1698 haec
500 1632 690 1698 afferuntur:
725 1635 899 1708 ἀπειλεῖς,
927 1633 1141 1716 θαυμάζειν,
1169 1631 1277 1711 κόνις,
1307 1653 1389 1714 πρε-

273 1736 461 1819 σβυτάτην.
485 1773 526 1784 -

373 1837 538 1902 Interdum
553 1859 645 1902 voces
661 1838 809 1902 dicuntur
825 1838 922 1906 ἰδίως
937 1843 1088 1920 acceptae
1103 1858 1180 1904 esse.
1207 1836 1278 1901 Hoc
1293 1835 1387 1901 modo

272 1938 355 2003 idem
378 1946 471 2022 atqve
493 1941 599 2024 κυρίως
620 1940 735 2018 valere,
759 1941 815 2024 (of.
839 1939 950 2024 κτιδέην
973 1941 1032 2005 sub
1047 1963 1074 2004 ν.
1090 1939 1189 2023 κυνέη,
1204 1940 1386 2022 κώδειαν),

272 2042 365 2108 modo
388 2064 480 2108 usum
503 2044 695 2127 singularem
717 2049 749 2109 et
770 2043 972 2126 peculiarem,
996 2043 1163 2126 aproprio
1177 2042 1384 2119 recedentem,

272 2145 429 2226 respicere
452 2146 576 2211 videtur
599 2155 640 2232 (v.
664 2148 868 2230 αἰδεῖσθαι).
913 2146 959 2210 Οί.
983 2145 1043 2210 lex.
1067 2137 1126 2228 Ap.
1143 2145 1201 2210 sub
1217 2145 1381 2208 λωτόν-

273 2248 289 2309 ό
318 2248 395 2316 ἰδίως
422 2249 577 2333 λἐγόμενος
605 2249 702 2333 (lotus
728 2248 910 2333 Aegyptia);
936 2250 1026 2333 κούρη
1055 2286 1097 2296 -
1124 2248 1245 2320 ιίίδιοὶζον
1275 2248 1331 2311 ἐστὶ
1351 2247 1381 2309 τό

272 2350 357 2434 κάρα,
380 2351 482 2415 solum
505 2353 587 2416 euim
609 2359 758 2417 neutrum
779 2354 812 2416 iu
835 2376 855 2416 α
876 2352 1066 2435 productum
1089 2352 1179 2416 exit.“

373 2452 430 2517 Hie
458 2455 560 2518 sociae
587 2456 740 2537 quaedam
768 2476 860 2520 voces
887 2475 921 2520 se
948 2455 1133 2537 adjungunt,
1157 2475 1237 2536 qvae
1258 2459 1386 2536 praeter

271 2555 436 2636 proprium
458 2577 584 2620 sensum
606 2558 702 2622 etiam
725 2558 846 2622 ebusina
859 2563 1096 2642 καταχρηστικῶς
1111 2564 1314 2640 usurpantur,
1331 2563 1390 2621 aut

272 2655 351 2722 alios
373 2678 449 2722 usus
472 2659 648 2742 singulares
671 2659 798 2724 habent.
830 2659 976 2725 Priorum
998 2667 1085 2724 suut:
1109 2660 1312 2744 ἀγορεύειν,
1334 2659 1389 2722 αἴ-

271 2782 322 2822 ειν
355 2769 386 2824 et
418 2761 556 2838 κλύειν,
589 2763 800 2848 ἀμφίβασις,
830 2764 1034 2849 περιβῆναι,
1063 2761 1189 2848 ἔναρα,
1217 2763 1388 2846 ἐναρίζει,

271 2861 391 2944 ἔντεα,
419 2864 541 2947 κυνέη,
571 2864 783 2949 μέσσαυλος.
827 2865 1042 2930 Postericrum
1069 2872 1175 2930 autem
1197 2865 1279 2930 aliae
1302 2889 1389 2950 μετα-

271 2970 398 3049 φορικῶς
420 2974 592 3048 ponuntur,
614 2974 689 3032 sunt
704 2968 893 3032 translatae:
917 2969 1080 3053 ἀναιδής,
1103 2969 1293 3048 ἐλαύνωσι,
1310 2969 1387 3032 ἑνο-

271 3071 331 3152 πη,
356 3071 436 3153 βοή,
458 3069 592 3154 κωφόν,
610 3071 866 3154 πευκαλίμησι;
890 3071 981 3148 aliae,
996 3071 1126 3153 proprio
1142 3092 1236 3136 sensu
1250 3077 1386 3148 servato,

271 3171 366 3236 modo
393 3171 628 3254 amplificantur
651 3180 682 3237 et
704 3172 799 3238 latius
820 3179 932 3256 patent
954 3175 1009 3256 (:
1032 3179 1173 3258 τροπικῶς
1194 3172 1267 3236 κατὰ
1289 3195 1387 3236 συνεκ-

271 3277 363 3360 δυχήν
386 3275 406 3338 l.
429 3276 469 3360 τῷ
493 3274 561 3338 εἴδει
583 3275 721 3358 τὸγένος,
737 3277 931 3358 speciespro
947 3278 1085 3360 general:
1111 3277 1320 3362 ἀγάννιφος,
1337 3278 1387 3340 αΐ-

271 3401 322 3440 ειν
351 3383 382 3440 ct
402 3377 538 3455 κλύειν,
566 3379 796 3463 κασίγνητος,
824 3385 912 3458 cett.;
941 3415 979 3426 -
1004 3379 1085 3444 aliae
1108 3385 1214 3446 autem
1237 3379 1387 3445 dicuutur

270 3483 421 3563 τροπικῶς,
448 3481 505 3542 ἀπὸ
533 3485 584 3543 τού
613 3481 682 3544 όλου
711 3483 743 3544 τὸ
771 3481 867 3566 μέρος,
895 3502 993 3564 genus
1014 3503 1074 3564 pro
1097 3483 1214 3564 specie:
1238 3485 1386 3566 δώματα

269 3583 290 3645 i.
314 3603 344 3665 q.
368 3583 511 3666 σκηναί,
539 3583 670 3665 γνῶτός
691 3584 712 3647 i.
735 3606 765 3666 q.
789 3583 958 3669 ἀδελφός,
982 3584 1068 3670 βόας
1090 3609 1131 3644 τ.
1153 3585 1303 3654 ἀσπίδας
1326 3591 1384 3650 etc.

271 3685 332 3767 (De
354 3685 402 3750 his
425 3692 456 3750 et
478 3684 596 3750 talibus
618 3707 644 3750 v.
667 3687 795 3752 Larsch.
819 3707 869 3768 op.
893 3687 945 3752 oit.
967 3687 1016 3751 111
1037 3709 1068 3769 p.
1092 3691 1129 3751 91
1155 3690 1250 3771 sqq.).

374 3793 402 3852 7.
446 3789 483 3852 lu
499 3789 690 3872 antiquitate
704 3789 874 3854 Homerica
889 3789 1086 3872 exploranda
1100 3791 1288 3873 Apollonide
1298 3791 1385 3856 haud

272 3889 398 3956 assidue
430 3898 585 3956 versatur.
629 3891 680 3971 „In
713 3892 762 3956 his
794 3913 915 3974 qvoqve
948 3892 1136 3958 observandi
1163 3893 1327 3978 diligentia
1353 3901 1385 3959 et

272 3989 430 4056 subtilitas
457 3994 583 4059 fabulas
614 4001 645 4060 at
675 4002 781 4060 terrae
803 3995 942 4078 coelique
965 3995 1208 4078 descriptionem
1230 4003 1262 4062 et
1283 4003 1384 4062 artem

271 4097 385 4174 poetae
412 4115 475 4158 uon
502 4095 563 4160 nisi
592 4117 630 4162 ex
658 4098 728 4179 ipso
756 4119 879 4180 unoque
906 4097 1044 4164 Homero
1072 4099 1225 4181 expediar
1259 4099 1307 4185 (L.
1329 4101 1384 4164 Ar.
