3098 4874
1242 359 1279 418 ll

198 567 268 615 csse
287 547 470 623 indicasset,
487 565 527 609 ex
538 543 682 627 ejusdem
705 542 883 606 Aristarchi
898 541 1134 607 commentariis
1152 562 1266 608 causas
1281 547 1330 607 at-

198 670 259 734 que
280 649 423 714 rationes
446 645 550 711 critici
573 644 656 727 signi
678 643 811 710 addidit.
855 643 1046 726 Plerumque
1068 643 1152 708 enim
1171 643 1239 725 jam
1260 644 1331 726 ipse

197 751 405 816 Aristarchus
440 767 555 813 causas
587 745 701 829 quibus
734 745 849 810 ductus
878 750 988 811 notam
1016 745 1160 810 criticam
1186 745 1331 811 uersibus

198 853 379 936 adjecisset,
412 850 447 913 in
481 847 716 914 commentariis
745 847 877 912 uberius
906 849 1169 931 exposuerat.”*)
1198 851 1234 930 (p
1265 846 1329 932 12).

196 955 285 1038 Ergo
308 974 382 1017 cum
404 950 619 1014 Aristonicum
641 949 734 1032 signa
756 949 869 1014 critica
885 949 1097 1031 explicantem
1117 955 1241 1014 constet
1258 951 1330 1013 Ari·

197 1053 324 1120 starchi
348 1052 446 1119 verba
472 1051 616 1129 laudare,
645 1071 684 1115 ea
712 1056 760 1115 est
787 1051 872 1114 inter
892 1051 979 1115 hunc
1001 1057 1033 1116 et
1054 1050 1144 1115 illum
1166 1052 1260 1130 ratio,
1284 1057 1329 1130 ut,

198 1155 377 1220 Aristarchi
398 1152 588 1237 jamdudum
609 1153 701 1218 libris
725 1151 909 1235 deperditis,
931 1153 984 1217 hic
1007 1152 1081 1235 quid
1103 1151 1137 1215 in
1158 1151 1331 1218 Homerico

198 1255 439 1338 interpretando
467 1255 666 1337 praestiterit
687 1254 749 1319 nisi
772 1275 811 1318 ex
833 1254 1015 1318 Aristonico
1038 1253 1091 1319 vix
1109 1253 1178 1336 jam
1201 1253 1331 1318 aliunde

197 1377 392 1440 cognoscere
413 1355 521 1420 liceat.

299 1457 372 1522 Jam
397 1478 473 1522 vero
502 1456 635 1534 scholia,
659 1477 699 1521 ex
720 1455 786 1534 illo,
811 1477 903 1538 qvem
926 1456 1074 1535 diximus,
1097 1459 1273 1524 Aristonici
1290 1459 1330 1522 li-

195 1557 256 1624 bro
283 1559 430 1641 profecta
452 1565 484 1624 et
506 1559 559 1641 qui
581 1558 631 1622 his
653 1558 849 1640 respondent
870 1557 964 1622 lexici
987 1560 1089 1622 nostri
1112 1559 1176 1625 loci
1197 1561 1225 1624 si
1246 1561 1332 1626 inter

196 1681 233 1725 se
254 1660 471 1738 conferuntur,
482 1660 669 1744 plerumque
681 1660 871 1743 cognatione
882 1660 1019 1743 quadam
1030 1661 1115 1725 inter
1126 1681 1160 1726 se
1176 1663 1332 1727 contineri

198 1767 446 1845 cognoscuntur,
465 1763 512 1826 ita
527 1767 564 1826 ut
579 1761 693 1826 iisdem
710 1761 776 1827 fere
793 1761 898 1826 uerbis
916 1767 1049 1844 uterque
1068 1763 1190 1845 sciptor
1202 1769 1328 1844 utatur,

196 1870 229 1929 et
246 1866 274 1929 si
296 1865 422 1946 qvando
445 1864 550 1929 uerbis
572 1864 657 1928 inter
679 1884 713 1928 se
736 1861 897 1942 differant,
919 1869 1039 1942 tamen,
1062 1865 1146 1946 quod
1168 1865 1331 1947 adipeam

196 1985 265 2032 rem
287 1967 412 2044 attinet,
435 1965 622 2048 plerumque
646 1965 857 2030 consentiant.
897 1964 996 2043 Quod,
1013 1967 1046 2029 ni
1062 1965 1171 2044 fallor,
1186 1967 1330 2051 intellegi

197 2088 261 2132 non
293 2073 411 2150 potest,
445 2068 479 2130 ni
513 2087 677 2132 sumamus
711 2071 881 2148 utrumque
915 2066 1043 2131 eosdem
1071 2067 1188 2132 adiisse
1216 2069 1329 2146 fontes,

195 2168 229 2232 id
252 2177 301 2234 est
322 2169 529 2252 Apollonium
551 2189 591 2232 ex
613 2168 757 2251 ejusdem
779 2168 960 2232 Aristarchi
982 2169 1120 2250 scriptis,
1144 2175 1239 2252 atque
1259 2171 1331 2233 Ari-

196 2270 375 2347 stonicum,·
383 2291 496 2334 uocum
507 2269 752 2334 Homericarum
769 2269 942 2350 sumpsisse
954 2269 1193 2352 explicationes
1222 2271 1331 2353 Neque

199 2374 308 2434 tamen
334 2369 451 2453 ubique
478 2369 759 2452 interpretationes
787 2371 960 2435 Aristonici
987 2376 1019 2436 et
1046 2371 1208 2454 Apollonii
1237 2377 1268 2436 et
1296 2393 1331 2438 re

199 2478 232 2536 et
253 2471 357 2536 verbis
379 2473 463 2536 inter
485 2493 518 2536 se
542 2472 711 2537 conuenire
732 2493 827 2556 posse
843 2472 937 2537 facile
956 2474 1079 2552 credas,
1098 2495 1181 2554 oum,
1197 2475 1230 2538 id
1248 2475 1332 2557 quod

194 2572 265 2655 jam
286 2574 405 2652 monui,
428 2573 619 2651 memineris,
643 2574 822 2639 Aristarchi
839 2574 1029 2653 doctrinam,
1047 2575 1172 2657 qualem
1190 2581 1222 2640 et
1240 2577 1331 2641 scho-

199 2674 243 2739 lia
270 2681 303 2741 et
327 2675 454 2742 lexicon
482 2675 644 2754 exhibent,
673 2676 714 2740 ab
741 2677 1008 2759 epitomatoribus
1030 2677 1127 2741 uariis
1150 2677 1254 2742 modis
1277 2699 1331 2742 ex-

168 2859 169 2862 *
201 2783 354 2860 cerptam,
378 2777 544 2856 deflexam,
560 2783 754 2861 corruptam
778 2778 820 2842 ad
842 2799 901 2843 nos
923 2779 1115 2860 peruenisse.

302 2881 475 2945 Aristonici
501 2885 609 2945 autem
636 2881 734 2945 verba
761 2880 802 2945 ab
834 2880 1000 2963 Apollonio
1027 2878 1165 2958 laudari,
1194 2879 1250 2944 ubi
1279 2881 1333 2946 hic

200 2981 407 3046 Aristarchea
428 2982 550 3064 placita
572 2983 640 3047 sine
662 2983 804 3048 auctoris
826 2981 954 3046 nomine
977 2979 1080 3060 affert,
1103 2982 1175 3047 ideo
1198 3003 1262 3047 non
1285 2989 1333 3048 est

200 3082 380 3164 uerisimile,
404 3083 487 3164 quod
509 3083 600 3148 illum
621 3104 778 3166 nusquam
800 3083 927 3148 nomine
950 3083 1076 3166 quidem
1096 3085 1183 3149 citat.
1219 3084 1333 3161 Quam-

200 3205 296 3268 quam
323 3184 351 3249 si
379 3189 505 3268 tempus
532 3185 636 3250 solum
664 3191 800 3268 spectes,
828 3205 889 3267 qvo
918 3190 1050 3268 uterque
1072 3187 1161 3265 vixit,
1183 3187 1244 3252 hoc
1263 3185 1333 3251 fieri

200 3291 338 3369 poterat,
362 3287 510 3370 aequales
533 3287 617 3352 enim
640 3287 730 3352 fuere
747 3286 948 3352 Aristonicus
965 3293 997 3352 et
1014 3287 1212 3370 Apollonius.
1244 3287 1332 3352 Stra·

200 3389 242 3454 bo
275 3389 292 3452 I
320 3393 348 3453 2:
378 3388 575 3475 Ἀριστόνικος
603 3426 647 3438 -
673 3426 714 3436 —-
743 3387 759 3450 ὁ
787 3387 854 3451 καθ’
886 3392 966 3474 ἡμᾶς
994 3389 1194 3474 γραμματικός
1218 3427 1257 3436 -
1280 3427 1333 3451 -.

200 3489 289 3574 Ergo
323 3512 394 3555 cum
429 3490 622 3556 Strabonem
655 3489 782 3555 Tiberio
814 3489 994 3572 imperante
1026 3491 1176 3557 floruisse
1209 3498 1334 3558 constet

201 3591 362 3677 (Becoard
385 3593 423 3656 0.
448 3593 481 3658 C.
510 3614 541 3676 p.
569 3596 633 3677 11),
656 3591 872 3658 Aristonicum
895 3593 1063 3658 Strabonis
1087 3593 1250 3676 aequalem
1281 3615 1332 3658 co·

200 3713 315 3760 acuum
341 3693 409 3759 fere
437 3693 535 3760 fuisse
562 3694 745 3778 Apollonio,
775 3694 828 3777 qvi
851 3695 1046 3775 temporibus
1069 3695 1206 3777 Augusti
1228 3700 1260 3757 et
1282 3695 1333 3758 Ti-

202 3793 283 3859 berii
315 3795 404 3874 vixit,
437 3802 583 3879 apparet.
629 3797 693 3862 Sed
727 3818 787 3880 quo
817 3803 961 3879 tempore
988 3795 1178 3878 Apollonius
1207 3795 1334 3862 lexicon

202 3917 295 3961 suum
339 3899 527 3982 composuit,
570 3899 744 3964 Aristonici
789 3920 869 3982 opus
912 3898 1053 3962 nondum
1093 3898 1256 3982 cognitum
1294 3921 1333 3965 ac

202 3997 338 4065 fortasse
365 4022 406 4066 ne
428 3999 548 4083 publici
571 4001 696 4083 quidem
716 3999 799 4084 juris
821 4001 944 4064 factum
966 4019 1035 4065 esse
1057 4002 1212 4084 suspicor.

304 4155 328 4218 *)
348 4153 470 4207 eonferri
493 4152 571 4222 jubet
592 4153 647 4206 sch.
670 4153 695 4206 K
717 4153 769 4208 398
790 4159 843 4204 τῶν
866 4154 1053 4224 παρακειμένων
1077 4154 1174 4224 ὀβελῶν
1199 4150 1245 4207 οὔκ
1268 4155 1332 4206 ἐστιν

202 4239 279 4292 αἰτίαν
297 4239 374 4310 εὑρεῖν
393 4239 502 4293 010101
521 4237 711 4309 Ἀρισταρχείων
729 4237 927 4310 ὑπομνημάτων.
