3098 4874
307 341 347 404 40

263 528 359 591 nium.
403 527 619 593 Posteriorum
653 533 758 594 autem
785 528 1065 612 interpretationes
1091 529 1204 594 referri
1231 527 1387 594 videntur

264 629 362 695 schol.
386 629 421 707 Q.
445 629 482 694 V.
506 629 599 696 adh.
622 631 653 694 l.:
676 633 862 719 περίρραγρα
885 679 945 694 ...
969 629 1085 716 ἔξεδράν
1102 655 1163 694 τινα
1180 633 1383 716 σιγρατοειδῆ,

265 733 294 795 ἐν
316 727 337 816 γ’
361 731 469 796 ἔκειντο
497 733 523 796 οἱ
547 735 669 820 κλισροί,
696 737 715 820 ἢ
743 737 927 821 κρηπιθωμα,
950 733 995 820 ἐφ’
1020 733 1054 798 ού
1077 733 1249 806 ἐκαθέζοντο
1271 735 1290 818 ἢ
1309 735 1390 796 ἐκοι-

266 839 372 920 μῶντο,
410 835 523 919 qvibus
561 837 738 902 Aristarchi
775 838 911 903 obscura
949 837 1047 902 verba
1083 837 1278 920 aliquantum
1309 836 1384 900 illu·
1513 847 1514 852 ’

265 943 416 1003 strantur.

367 1059 609 1125 κλυτύπωλος.
652 1057 904 1140 Explicationem
933 1059 1110 1124 Aristarchi
1137 1081 1229 1144 qvam
1256 1059 1383 1124 lexicon

265 1159 421 1242 perhibet,
451 1159 600 1225 Lehrsius
627 1165 737 1244 utpote
764 1161 905 1276 ineptam
931 1161 978 1225 illi
1005 1161 1170 1246 abjudicat
1197 1163 1265 1248 (Ar.
1296 1163 1385 1246 153).

265 1261 379 1326 Nescio
406 1268 513 1327 tamen
535 1283 576 1327 an
598 1263 747 1328 audiendi
769 1265 899 1340 notiom,
923 1286 1016 1347 qvam
1039 1266 1107 1330 voci
1129 1265 1223 1328 κλύειν
1247 1265 1301 1329 Ar.
1325 1264 1384 1327 tri-

264 1361 343 1442 buit,
367 1365 587 1430 convenienter
609 1367 765 1431 sententia
786 1365 909 1445 evadat,
932 1388 1011 1450 qvae
1032 1388 1126 1432 sensu
1148 1367 1272 1450 poetico
1294 1365 1384 1430 haud

267 1467 394 1532 omnino
423 1473 540 1547 careat,
568 1469 663 1534 haec:
693 1467 811 1552 „Acer
833 1469 995 1533 κλοτόπωλ.
1020 1475 1068 1534 est
1088 1467 1193 1548 Pluto,
1216 1469 1268 1552 qvi
1286 1469 1385 1533 mori-

266 1569 390 1634 bundos
413 1571 515 1636 visens
537 1571 684 1653 planctus
706 1577 820 1650 movet,
844 1572 994 1656 cujusqve
1015 1573 1197 1655 praesentia
1214 1573 1386 1655 quasima-

265 1672 381 1736 nifesta
407 1671 444 1736 fit
464 1673 744 1738 lamentationibus
766 1680 797 1738 et
818 1673 957 1753 ululatio,
981 1675 1032 1758 qvi
1054 1675 1139 1739 circa
1161 1680 1303 1740 mortuos
1326 1695 1390 1738 au·-

267 1773 423 1840 diuntur.“

368 1893 637 1980 κραταιγύαλοι.
666 1897 681 1959 ὁ
709 1893 817 1981 'Apion
846 1897 982 1982 θώρηκος
1008 1897 1115 1980 γύαλον
1138 1897 1172 1960 οὐ
1195 1898 1227 1960 τὸ
1249 1897 1380 1980 κοιλωροι

268 1995 417 2082 [fortasse
450 1998 622 2064 secundum
650 1999 747 2064 schol.
774 1995 799 2062 E
827 2003 866 2062 99
894 1999 1061 2082 legendum
1090 1999 1177 2064 οὔτι
1204 2000 1276 2064 κοιλ.
1300 2004 1389 2083 ὥρια·-

269 2099 366 2184 μένον]
393 2103 445 2164 τοῦ
473 2099 619 2185 θώρακος,
647 2101 723 2164 ἀλλὰ
744 2101 776 2164 τὸ
805 2101 871 2165 ὅλον
898 2101 983 2170 κύτος
1010 2127 1036 2164 κ.
1060 2125 1084 2164 τ.
1107 2105 1133 2164 λ.
1158 2101 1214 2185 (ci.
1236 2101 1295 2168 lex.
1318 2103 1381 2183 Ap.

268 2224 292 2267 e.
320 2204 432 2288 θώρηκ.
460 2204 567 2286 γύαλον
593 2225 625 2286 p.
654 2205 720 2286 89).
765 2203 867 2282 Quare
888 2205 925 2268 A.
948 2228 1078 2289 κραταιγ.
1101 2226 1159 2288 per
1179 2203 1381 2288 periphrasin

267 2305 320 2370 hic
352 2305 471 2371 reddit:
505 2307 572 2374 τοὺς
599 2307 719 2392 [κατὰλ]
747 2307 779 2369 τὸ
808 2307 874 2370 ὅλον
902 2307 987 2376 κύτος
1009 2308 1155 2392 ἰσχυρούς.
1200 2307 1246 2372 Oi.
1270 2307 1335 2372 sch.
1359 2302 1392 2370 Τ’

270 2410 328 2474 361
364 2411 384 2494 ἡ
417 2410 443 2472 h.
479 2409 504 2472 ὅ.
538 2410 564 2470 οἱ
590 2410 720 2493 κραταιολ
744 2409 819 2472 κατὰ
845 2409 881 2472 τολ
907 2410 1001 2492 γύαλα
1028 2417 1054 2472 κ.
1082 2410 1154 2493 κύτη
1183 2459 1190 2473 .
1219 2458 1227 2474 .
1271 2409 1386 2473 Omnia

269 2510 348 2576 haec
370 2511 531 2576 τίκτεσθαι
553 2511 594 2575 ab
616 2511 802 2576 Aristarcho
825 2517 1042 2578 manaverunt.

370 2631 614 2716 κρατευτάων.
660 2628 961 2714 interpretationem
987 2631 1116 2714 plenam
1144 2635 1176 2696 ct
1201 2635 1385 2696 accuratam

268 2734 346 2818 ipsis
367 2735 435 2798 Ani
457 2733 561 2800 verbis
583 2731 692 2798 afferri
714 2753 902 2816 persuasum
923 2733 1001 2798 mihi
1023 2739 1080 2798 est

370 2858 434 2941 κρῖ.
478 2855 610 2938 Integra
637 2853 830 2918 observatio:
859 2857 923 2939 „xpi
946 2853 966 2916 i.
994 2874 1025 2935 q.
1052 2853 1138 2938 κριθή
1167 2873 1231 2917 non
1258 2857 1306 2916 eet
1328 2871 1394 2933 per

269 2979 434 3042 apocopen
456 2979 476 3022 a
496 2958 582 3042 κριθή
606 2957 734 3034 dictum,
756 2960 792 3021 ut
813 2955 939 3038 qnidam
960 2962 1116 3038 putarunt
1137 2956 1197 3040 (sic
1218 2954 1314 3020 etiarn
1334 2952 1386 3017 Et.
1513 2949 1514 2996 l

269 3061 339 3146 M.),
373 3059 429 3126 sed
456 3059 718 3124 transformatum
743 3058 927 3124 femininum
954 3079 1053 3141 genus
1079 3059 1112 3122 in
1139 3061 1287 3122 neutrum
1313 3059 1386 3142 aper

270 3163 317 3232 Ol.
341 3163 403 3230 lez.
426 3163 563 3246 κευθμῶν
587 3163 632 3245 (p.
656 3165 695 3226 98
719 3160 795 3243 (lap.
817 3160 879 3248 III)
903 3165 935 3227 et
956 3165 1052 3226 κυκεῶ
1075 3163 1121 3244 (p.
1148 3161 1233 3242 105).

371 3283 465 3346 λάων
489 3281 519 3367 (τ
542 3283 603 3346 229
625 3281 702 3345 κύων
725 3279 778 3365 ἔχε
799 3281 880 3344 ἑλλὸν
903 3281 1080 3366 ἀσπαίροντα
1101 3281 1195 3363 λάων)
1219 3299 1337 3364 ..erpa
1354 3279 1390 3341 τὸ
1513 3299 1514 3316 ι

271 3386 395 3474 βλέπων.
422 3386 438 3448 ὁ
466 3385 499 3448 δὲ
525 3382 634 3470 ’Apion
661 3385 877 3452 ἀπολαοστικῶς
904 3382 991 3467 ἔχων.
1021 3383 1130 3469 βέλτιον
1154 3384 1186 3446 δὲ
1207 3384 1240 3446 τὸ
1261 3387 1386 3468 πρῶτον.

270 3487 329 3554 His
352 3487 460 3553 confer
482 3487 580 3552 schol.
603 3509 620 3550 τ
642 3490 713 3550 229:
737 3487 753 3549 ὁ
777 3488 827 3570 μὲν
852 3484 961 3570 Ἀρίστ.
984 3486 1075 3559 λάων,
1093 3485 1279 3549 ἀπολαυστικ.
1297 3483 1394 3569 ἔχων·-

270 3593 287 3656 ὁ
316 3593 348 3656 δὲ
374 3588 495 3676 Κράτης
521 3591 600 3654 λα’ων
628 3627 669 3638 -
696 3626 738 3638 -
765 3588 826 3652 ἀντὶ
848 3592 899 3650 τοῦ
922 3587 1045 3674 βλέπων,
1069 3587 1137 3651 ὅθεν
1159 3587 1234 3651 κατὰ
1255 3588 1387 3673 στέρησιν

271 3696 362 3764 ἄλαος
383 3695 399 3757 i
422 3692 538 3779 τυφλός.
584 3690 777 3757 Scholiastes
799 3711 871 3756 curn
891 3690 987 3773 plura
1008 3689 1126 3756 habeat
1148 3711 1243 3773 qvam
1257 3690 1384 3772 Apollo·

271 3800 352 3877 nius,
379 3796 498 3863 abillo
520 3816 579 3862 sua
600 3813 725 3860 sumere
746 3813 809 3857 non
831 3793 949 3875 potuit;
971 3797 1078 3858 tamen
1101 3813 1173 3856 cum
1196 3807 1383 3876 magnopere

270 3903 354 3967 inter
385 3921 419 3966 se
451 3898 648 3976 conveniant,
679 3895 804 3978 utrique
829 3895 914 3960 idem
940 3891 1013 3960 fons
1038 3893 1228 3978 profluxisse
1254 3894 1386 3971 videtur,

272 4004 325 4089 qvi
351 4021 479 4068 necesse
506 4005 553 4064 est
579 4003 636 4064 aut
660 3997 853 4064 scholiorum
878 3996 957 4062 illud
984 4017 1101 4080 corpus
1128 4003 1185 4062 aut
1210 3994 1383 4062 Aristarchi

272 4103 517 4174 commentarius
539 4101 636 4167 fuerit
658 4102 719 4186 (ita
739 4105 776 4166 ut
797 4099 939 4166 scholion
957 4099 998 4166 ab
1014 4099 1195 4165 Aristonico
1209 4099 1388 4182 profectuu-

271 4212 337 4296 sit).
360 4245 401 4258 —
424 4205 600 4271 Aristarchi
622 4201 813 4288 etymologia
835 4203 929 4269 etiam
952 4201 990 4268 G.
1014 4202 1122 4268 Curtio
1144 4201 1260 4285 placet.
