3108 4870
325 407 384 469 128

279 593 367 658 ribus
395 613 459 657 una
486 592 552 658 lere
574 593 697 659 ratione
718 593 858 678 intellegi
881 599 912 660 et
933 594 1023 662 reddi
1046 595 1177 678 possint,
1200 594 1299 678 qvivis
1322 615 1394 661 oon·
1493 627 1495 630 ·

280 696 381 761 eadat.
425 695 533 778 Neqve
554 717 628 761 vero
650 697 711 762 hoc
733 696 772 762 de
794 698 939 764 omnibus
962 699 1066 765 valere
1088 705 1202 782 potest.

380 797 504 864 Codicis
531 798 559 862 V
582 806 686 864 antem
710 799 900 866 scholiorum
922 802 964 867 ad
987 801 1161 886 Odysseam
1182 822 1297 885 magna
1319 821 1396 883 pars

279 921 318 966 ex
345 900 515 984 Apollonio
544 902 698 967 verbatim
728 902 889 986 descripta
914 911 970 970 est.
992 905 1055 970 Pro
1078 905 1185 970 multis
1207 905 1287 970 haec
1308 901 1395 968 sulfi-

278 1004 360 1069 oisnt
388 1003 547 1086 exempla:
575 1005 787 1089 ἀγνώσασκε
814 1033 856 1064 =
883 1014 904 1094 ψ
932 1010 972 1070 95
999 1031 1024 1072 ν.
1047 1007 1184 1092 άζηχές
1207 1031 1244 1066 :
1270 1010 1321 1070 63.
1343 1007 1396 1070 αἰ-

276 1110 432 1193 νήσωσιν
455 1129 494 1166 =
519 1131 540 1169 π
561 1110 622 1171 403
645 1106 828 1194 ἀμέγαρτε
851 1134 889 1170 --
915 1134 930 1195 ρ
954 1113 1014 1174 219
1037 1133 1061 1174 ν.
1080 1106 1233 1195 ἀμοιβάς
1249 1132 1287 1170 :
1304 1107 1317 1178 Ε
1334 1111 1392 1171 521

276 1234 300 1275 ν.
319 1209 474 1274 ἄναλτον
492 1234 531 1270 ;·.
550 1232 566 1295 ρ
585 1212 655 1274 228.
674 1209 827 1296 ἰόμωροι
842 1213 884 1293 (v.
902 1212 978 1296 Cep.
997 1211 1038 1298 I).
1059 1211 1221 1296 κάσχεθε
1237 1239 1280 1270 =
1296 1214 1395 1275 1361.

276 1311 431 1377 κεάσσαι
453 1337 492 1374 :
515 1335 531 1376 ο
554 1315 625 1379 322.
648 1313 802 1378 κόλλοπι
823 1339 863 1375 :
886 1339 908 1402 ρ
931 1318 1002 1380 407.
1029 1353 1065 1364 -·
1090 1316 1331 1401 κραταίπεδον
1355 1338 1394 1374 =

277 1424 298 1504 ψ
320 1419 360 1481 46
384 1417 420 1482 V.
445 1453 485 1464 -
507 1416 620 1503 λέβης
643 1441 680 1477 ;·
705 1441 724 1482 α
748 1422 818 1482 126.
841 1442 857 1481 τ
880 1422 940 1482 386
963 1417 1001 1483 V.
1025 1456 1064 1468 --
1087 1421 1205 1505 λευρῷ
1228 1441 1303 1501 τη
1324 1420 1393 1480 123.

277 1523 377 1606 λήιον
408 1545 444 1580 ·.:
474 1524 563 1584 σ29.
592 1521 823 1607 ληιβοτείρης
852 1545 890 1580 .·:
920 1541 937 1584 σ
965 1524 1013 1585 29.
1038 1521 1191 1606 μύνῃσιν
1216 1545 1254 1581 :
1278 1545 1299 1605 φ
1325 1524 1393 1583 lll.

277 1622 383 1708 οἴμης
405 1649 446 1681 =
469 1622 489 1686 θ
512 1627 552 1686 74
574 1621 611 1687 V.
635 1661 675 1672 -·
698 1622 816 1708 ὀχέειν
840 1647 879 1682 z
902 1647 921 1686 α
945 1626 1005 1686 295
1030 1622 1065 1700 Q.
1089 1622 1120 1687 S.
1144 1623 1182 1687 V.
1207 1631 1261 1700 (ex
1277 1621 1394 1704 Apoll.)

277 1765 318 1776 --
339 1727 514 1812 πέλεθρον
538 1751 578 1787 ;-.
600 1731 618 1790 λ
641 1731 701 1791 577
724 1727 762 1792 V.
786 1725 821 1804 Q.
845 1728 900 1812 (ex
921 1727 998 1812 Ap.)
1014 1765 1055 1774 -
1072 1729 1339 1812 προμνηστῖναι
1355 1749 1394 1786 :

277 1833 294 1893 λ
317 1834 377 1894 233
400 1831 438 1896 V.
462 1868 502 1879 —
525 1829 654 1916 ροτοόξ
676 1829 735 1894 sub
759 1831 951 1915 ροστοίζοντας
974 1855 1013 1890 :
1035 1829 1049 1900 Ε
1074 1834 1121 1895 10.
1166 1829 1288 1898 Horum
1305 1828 1395 1894 eoho-

276 1933 391 1998 liorum
418 1933 603 2016 plerumqve
629 1931 870 1998 fundamentum
896 1954 936 1999 ex
963 1932 1132 2016 Apollonio
1155 1939 1203 1998 est
1224 1936 1395 2014 sumptum,

278 2035 361 2120 qvod
383 2037 448 2101 suis
471 2035 543 2102 dein
565 2035 790 2103 additamentis
812 2036 976 2103 exornavit
998 2035 1193 2103 scholiastes.
