3108 4870
300 278 361 340 lle

255 465 430 548 τρήρονος
453 471 485 530 et
512 467 743 552 τριτογένεια.
787 471 824 534 In
852 470 901 536 his
924 470 1119 553 explicandis
1141 474 1214 557 τρεῖν
1237 467 1367 534 timendi

255 567 383 632 notione
408 570 572 652 arripitur.
615 571 696 638 Item
718 572 792 640 Hes.
815 573 917 638 Aliter
937 574 993 637 Ar.
1015 573 1046 637 X
1070 577 1139 638 143.
1163 573 1187 638 Ξ
1210 576 1271 636 522
1294 575 1369 636 oett

248 668 289 732 L.
312 671 366 734 Ar.
391 675 430 736 79
452 693 499 756 sq.
522 711 563 724 --
586 675 815 762 ὑλακόμωροι
836 678 863 740 οἱ
884 678 950 762 περὶ
971 678 1003 740 τὸ
1021 679 1150 741 ὑλακτεῖν
1173 675 1372 761 μεμορημένοι

255 811 305 837 —.
328 775 371 838 At
392 775 487 840 Arist.
511 777 662 865 ὀξόφωνοι.
685 802 712 845 v.
736 781 802 846 seh.
824 781 837 850 Ε
861 783 911 844 29.
955 779 1002 846 cl.
1026 779 1102 862 Gap.
1122 779 1134 845 l
1157 779 1314 864 ἰόμωροι.
1328 815 1367 826 —-

255 878 378 963 φοῖνιξ.
402 879 441 944 of.
466 880 496 944 Ψ
517 885 589 946 454.
610 882 646 947 L.
669 885 724 948 Ar.
747 887 798 948 86.
816 921 856 932 -·
872 884 991 968 χόλος.
1009 883 1049 948 cf.
1067 885 1132 949 seh.
1148 883 1174 947 T
1190 886 1239 946 67.
1257 883 1281 946 Δ
1297 883 1369 945 513.

255 979 271 1044 Ι
293 983 354 1045 260
378 990 451 1048 oett.
474 983 508 1047 L.
531 984 586 1048 Ar.
613 989 671 1048 133
694 985 755 1050 lex.
778 987 837 1068 Ap.
862 991 953 1072 μῆνις.
976 1021 1018 1034 -·-

356 1083 415 1148 His
442 1084 504 1151 duo
531 1087 676 1170 exempla
697 1087 823 1167 addam,
846 1091 880 1153 in
902 1088 1014 1172 qvibus
1036 1087 1224 1170 Apollonius
1246 1092 1278 1152 et
1300 1085 1371 1150 Ari-

256 1185 396 1254 stonicus
419 1208 490 1252 eum
512 1189 595 1254 inter
618 1211 652 1255 se
674 1191 870 1270 dissentiant,
893 1191 980 1258 haud
1001 1192 1079 1256 satis
1102 1196 1297 1274 compertum
1314 1189 1370 1254 ha·

255 1286 362 1353 buisse
388 1289 543 1369 videntur,
566 1313 645 1375 qvae
666 1294 845 1360 Aristarohi
868 1294 963 1360 luerit
984 1294 1142 1360 sententia
1162 1313 1280 1376 quaeve
1302 1291 1371 1376 ejus

256 1389 362 1474 diplas
383 1413 489 1458 eausa.
901 1406 904 1412 '

167 1581 172 1592 ρ
357 1496 524 1581 αἰγίοχος
539 1499 695 1584 αἰγιοόχος·
711 1500 784 1584 αἰγὶς
798 1500 853 1586 γὰρ
868 1496 957 1566 όπλον
972 1505 1024 1564 τοῦ
1038 1499 1111 1580 Διός,
1126 1499 1216 1584 οότερ
1228 1499 1302 1562 ἐστὶν
1314 1497 1371 1560 ἐπί-

159 1591 162 1598 ’
255 1598 351 1662 θετον.
371 1600 398 1661 οἱ
418 1600 450 1664 δὲ
468 1605 606 1686 νεώτεροι
623 1608 720 1672 κακῶς
739 1608 780 1672 όις
794 1606 874 1688 αἰγὸς
888 1606 973 1690 θχὴν,
989 1602 1117 1668 τουτέστι
1131 1605 1240 1688 τροφὴν
1256 1601 1372 1686 εἰληφό-

254 1724 313 1770 τος.
334 1703 350 1764 t
366 1701 399 1765 δέ
412 1726 456 1766 τοι
470 1701 659 1791 Καλλίμαχος
673 1707 760 1791 όμνον
775 1709 895 1792 γράφων
911 1709 952 1776 εἰς
965 1708 1018 1772 Δία
1033 1711 1178 1793 „eudred
1194 1707 1264 1792 φησὶ
1279 1705 1329 1784 „od
1344 1707 1371 1768 δ’

256 1805 368 1890 ἐθήσαο
395 1807 479 1870 πίονα
507 1809 596 1893 μαζὸν
625 1807 829 1894 Ἀμαλθείης.“
875 1810 945 1896 [His
972 1811 1010 1876 Ε.
1028 1809 1079 1874 -Μ,
1109 1809 1212 1874 addit:
1240 1809 1371 1872 ἀπὸτοῦ

258 1903 308 1977 τὰς
333 1910 497 1997 συστροφὰς
524 1917 579 1977 τῶν
607 1913 721 1998 ἀνέμων
749 1919 838 2004 ποιεῖν
866 1913 1007 1977 κινεῖσθει·
1030 1913 1190 1996 aurei-{rire
1211 1913 1238 1976 οἱ
1260 1911 1372 1995 ἄνεμοι,

257 2033 336 2094 qvae
363 2013 508 2080 excidere
533 2022 676 2098 potuere.
705 2016 744 2083 of.
773 2016 909 2102 seholl.].
952 2017 996 2081 At
1022 2017 1163 2081 Ariston.
1191 2015 1233 2080 ad
1259 2016 1283 2079 Δ
1311 2019 1371 2078 167

256 2109 300 2178 ότι
325 2115 391 2186 Διὸς
418 2111 506 2182 όιιλον
534 2122 554 2204 ἡ
583 2120 655 2203 αἰγίς
684 2121 723 2206 [κ.
751 2120 804 2184 οἰκ
831 2159 872 2168 -
902 2121 1031 2205 Ἀθηνᾶς
1053 2119 1080 2183 Ο
1106 2119 1190 2204 130),
1212 2119 1283 2204 πρὸς
1305 2118 1373 2187 τοὺς

256 2219 417 2304 νεωτέρους
448 2223 579 2306 ποιητάς·
613 2247 640 2287 κ.
668 2219 712 2288 ότι
737 2225 907 2308 καταιγιθων
935 2249 961 2288 κ.
990 2225 1142 2309 (roddens
1168 2223 1374 2290 καταστάσεως

256 2327 508 2411 ταρασνευαστική
536 2325 620 2392 ἐστιν.
663 2327 743 2392 Item
770 2328 813 2393 ad
839 2328 866 2392 Ο
896 2331 966 2393 130.
989 2327 1014 2390 Ρ
1038 2330 1108 2391 594.
1133 2349 1142 2389 ι
1167 2328 1236 2391 154.
1280 2325 1373 2390 Hane

257 2429 504 2494 controversiam
530 2431 577 2494 ita
605 2430 760 2496 dirimam.
805 2432 884 2497 Voei
910 2432 1038 2515 αἰγίοχος
1065 2429 1162 2494 Arist.
1184 2428 1300 2512 ubique
1323 2427 1369 2492 di·

256 2529 343 2612 plam
366 2538 560 2614 apposuerat
581 2557 629 2619 πρ.
650 2558 675 2598 τ.
692 2557 776 2599 νεωτ.
793 2535 928 2618 ποιητάςς
951 2555 1023 2598 eum
1034 2553 1108 2598 vero
1126 2531 1166 2596 de
1182 2531 1264 2615 signi
1275 2551 1373 2596 eausa

257 2633 336 2699 nihil
358 2633 541 2716 addidisset,
570 2636 624 2702 alii
647 2637 742 2702 aliam
764 2657 833 2703 esse
855 2635 1074 2720 conjiciebant.
1116 2635 1227 2717 Iteqve
1248 2633 1371 2717 opinor,

257 2737 407 2815 Ariston„
435 2741 635 2823 grammatici
656 2741 845 2806 sententiam
868 2759 908 2805 ex
929 2739 998 2824 ejus
1020 2738 1187 2821 disciplina
1207 2737 1370 2820 supplens,

256 2842 290 2907 id
311 2847 457 2907 notatum
479 2865 548 2909 esse
568 2843 712 2927 putabat,
735 2844 818 2926 qvod
839 2844 1031 2909 recentiores
1053 2842 1132 2906 alios
1154 2861 1275 2925 qvoqve
1296 2840 1373 2906 deos

257 2944 421 3010 finxissent
453 2945 564 3030 aegide
596 2952 746 3026 armatos,
779 2967 968 3030 qvamqvem
998 2944 1172 3012 seeundum
1197 2943 1372 3010 Homerum

258 3047 350 3112 unius
377 3047 466 3114 «Iovis
487 3049 544 3114 illa
565 3055 648 3116 esset
668 3051 809 3134 propria.
844 3033 962 3136 (01.1..
986 3051 1040 3113 Ar.
1067 3049 1151 3133 192).
1185 3046 1373 3130 Apollonius

258 3157 364 3216 autem
392 3151 511 3235 diplam
538 3173 575 3218 eo
602 3159 748 3236 spectare
776 3153 934 3231 censebat,
957 3151 1041 3235 qvod
1062 3151 1272 3218 recentiorum
1294 3171 1372 3216 non-

257 3254 336 3319 nulli
357 3255 573 3339 imprimisqve
587 3256 800 3323 Callimachus
815 3257 925 3324 Jovom
939 3254 1107 3338 parvulum
1123 3254 1374 3320 introduxissent

258 3379 278 3422 a
306 3378 404 3442 capra
431 3358 514 3424 laets
539 3361 704 3439 nutritum,
732 3360 820 3443 qvasi
849 3361 880 3425 5.
908 3381 936 3423 ν.
966 3358 1007 3423 ab
1028 3358 1072 3428 αἰέ
1094 3361 1126 3422 et
1147 3357 1205 3442 όχή
1228 3356 1372 3441 (alimen-

258 3464 339 3544 tum)
374 3461 551 3527 dueendum
584 3468 675 3528 esset.
719 3463 827 3547 Neque
860 3463 921 3527 hoo
947 3459 1177 3543 interpretandi
1206 3481 1304 3543 genus
1331 3458 1373 3523 ab

257 3564 325 3630 Ami
346 3565 473 3649 ingenio
495 3565 648 3632 abhorret
669 3567 711 3650 (v.
734 3566 768 3630 L.
791 3566 846 3629 Ar.
869 3567 919 3628 45.
944 3569 1084 3628 ceterum
1106 3561 1145 3629 ef.
1167 3562 1244 3627 ibid.
1267 3563 1333 3645 63).

360 3664 455 3755 ὅμως
483 3673 514 3735 δ’
536 3670 576 3734 οὐ
598 3669 731 3754 λήθετο
753 3670 906 3753 χάρμης.
929 3667 987 3753 οὐχ
1009 3671 1050 3736 ὡς
1072 3669 1155 3752 ἡμεῖς
1177 3666 1238 3749 (sie
1259 3665 1294 3729 L.
1317 3666 1371 3728 Ar.

260 3775 334 3856 156)
367 3773 513 3860 εἰώθαμεν
542 3771 754 3859 ἀποφαίνεσθαι
780 3771 911 3855 λέγοντες
940 3770 1151 3856 »κακοπάθειαν
1181 3769 1233 3852 μὲν
1261 3767 1323 3852 ἔχει
1351 3769 1371 3852 ἡ

257 3878 402 3961 καρτερία,
424 3872 507 3963 ὅμως
527 3877 581 3940 οὐκ
601 3876 807 3961 ἀποσχετέον.“
829 3874 936 3959 ταύτην
959 3877 1035 3961 φημὶ
1054 3875 1106 3957 τὴν
1129 3873 1247 3956 δύναμιν
1271 3873 1312 3956 μὴ
1334 3893 1373 3953 γι-

257 3982 375 4043 νώσκειν
403 3981 450 4044 τὸν
477 3982 610 4065 ποιητὴν,
633 3981 708 4044 ἀλλὰ
729 3979 776 4044 διὰ
798 3983 849 4042 τοῦ
872 3977 967 4063 ἔμπης
988 3977 1079 4061 αὐτὴν
1102 3976 1225 4062 ἐκφέρει
1250 3976 1326 4040 ὥστε
1347 3973 1373 4036 εἰ

258 4083 325 4166 μὲν
343 4085 423 4167 ὁμῶς
455 4083 690 4168 περισπωμένως,
718 4082 790 4148 ἔστιν
819 4083 937 4167 ὁμοίως.
967 4081 998 4144 τὺ
1027 4081 1060 4144 δὲ
1087 4078 1254 4166 βαροτόνως
1281 4073 1372 4162 ὅμως,

257 4185 352 4270 ἔμπης
379 4186 438 4268 (sio
465 4193 639 4269 transpono
665 4207 724 4269 pro
753 4187 819 4272 βαρ.
848 4184 926 4270 ἔμω,
948 4178 1024 4268 όμ.),
1045 4183 1080 4245 ἵν’
1102 4182 1121 4267 ἦ
1144 4186 1273 4250 τοιοῦτος
1295 4179 1373 4244 όλό-
