3108 4870
327 327 386 386 124

280 510 435 576 vocabula
461 509 544 574 idom
572 509 750 594 significare
779 533 841 576 non
868 513 980 594 ignoro
1009 511 1107 598 (Hesz
1135 513 1246 598 θυρὶς
1271 514 1329 598 ὀπὴ
1353 537 1395 597 ρι-

280 614 345 699 κροὶ.
373 618 407 678 ct
427 615 505 699 ὁτιή·
528 614 632 698 topic).
676 613 764 678 Haec
786 633 825 679 cx
847 615 957 681 eodem
979 614 1067 680 fonte
1089 615 1185 681 ducta
1206 621 1281 681 sunt
1300 621 1395 700 atqve

280 715 389 780 scholl.
418 737 437 778 α
461 719 521 779 320
543 753 583 762 -
606 717 654 778 καῖ
676 712 866 802 Ἀρίσταρχος
888 717 920 781 δέ
942 738 1026 804 φησιν
1050 715 1143 803 ὄνομα
1164 719 1265 804 ὀρνέου
1288 723 1308 804 ή
1331 719 1394 784 ἀνό-

280 841 351 882 παια
378 821 418 888 ὥς
440 821 534 905 ,ρήνη
558 819 627 882 ator
649 821 669 904 ή
692 823 732 888 ὡς
754 817 891 904 ὅρνις-
914 823 933 905 ή
957 819 992 884 τά
1014 819 1074 885 άνω
1096 822 1231 886 παίουσα.
1275 819 1395 907 Κράτης

279 923 313 986 δὲ
338 923 390 1006 τήν
413 921 589 1006 τετρημένην
611 923 752 1007 κεραμιῖα
774 921 815 987 Μ.
837 924 855 986 ὁ
876 922 976 1008 Αριστ.
1002 959 1037 972 —·
1063 922 1155 1009 ὄνομα
1177 923 1300 1010 ὄρνιθος.
1323 927 1339 988 ὁ
1362 927 1395 989 δὲ

274 1023 460 1111 Ἡρωδιανὸς
487 1025 549 1088 ἀντὶ
568 1029 622 1107 ,τοῦ
644 1025 778 1110 ἀοράτως
800 1026 893 1112 (haee
914 1026 1027 1108 explic.
1051 1047 1091 1093 ex
1112 1027 1186 1093 Hes.
1210 1028 1312 1111 deest)
1336 1079 1392 1093 ...

279 1131 306 1193 οἶ
327 1129 360 1192 δὲ
381 1129 436 1192 ἀνὰ
458 1128 543 1214 ὀπήν,
565 1132 585 1214 ή
608 1153 633 1191 κ.
656 1129 838 1213 καπνοδέχος
859 1132 997 1192 καλεῖται.
1019 1129 1047 1194 Ε
1069 1130 1099 1194 H
1121 1130 1148 1208 Q
1169 1131 1206 1195 R.
1229 1131 1339 1214 Itaqve
1360 1131 1393 1195 in

278 1233 380 1298 lexico
408 1231 633 1316 explicationes
661 1232 838 1298 Aristarchi
861 1239 892 1298 et
914 1233 1089 1300 Herodiani
1112 1235 1155 1320 (ἶ)
1179 1241 1210 1298 et
1231 1235 1318 1299 tertii
1340 1257 1393 1300 nc·

279 1336 344 1402 scio
367 1336 457 1420 cujus
478 1335 621 1418 legimus.

379 1439 558 1507 άπτοεπές
584 1437 701 1502 άπτωτε
727 1440 747 1524 ή
776 1439 903 1522 ἀπτὸητε
931 1442 988 1508 τοῖς
1015 1439 1120 1523 λόγοις.
1145 1441 1215 1526 [οἷον
1239 1440 1391 1510 δεινοεπές·

278 1541 372 1606 άπτον
389 1541 444 1627 γὰρ
467 1543 499 1605 τὸ
521 1541 664 1626 ἀπτέητον
687 1543 719 1604 τὸ
741 1535 836 1605 δεινόν’
855 1563 894 1605 cx
915 1541 951 1606 Ε.
974 1541 1017 1605 Μ.
1041 1541 1158 1608 addere
1180 1542 1286 1627 velim]
1310 1545 1393 1628 ήκα-

277 1645 446 1730 θαπτομένη
470 1644 516 1708 διὰ
537 1647 593 1707 τῶν
615 1643 719 1727 λόγων,
743 1681 782 1691 -
805 1646 922 1730 χαλεπὴ
945 1668 971 1708 κ.
994 1650 1114 1730 τραχεῖα
1157 1645 1204 1710 cf.
1227 1644 1251 1709 Θ
1276 1649 1336 1710 209
1351 1685 1391 1694 -

278 1749 322 1812 ὅτι
348 1750 419 1818 τινὲς
446 1748 612 1812 δασένοοσιν
640 1749 706 1810 ἁπτ.
729 1748 935 1832 καθαπτομένη
959 1752 1016 1817 τοῖς
1038 1747 1143 1813 ἔπεσιν.
1166 1746 1274 1834 ’Apios
1297 1750 1330 1812 δὲ
1351 1756 1393 1835 ψι-

277 1855 352 1915 λοῖ.
376 1901 383 1914 .
408 1901 415 1931 ,
437 1876 463 1916 κ.
487 1851 556 1920 ἴσως
578 1851 613 1936 ἦν
636 1850 715 1936 παρὰ
737 1852 769 1913 τὸ
792 1853 950 1929 πτοεῖσθαι,
973 1856 993 1937 ή
1016 1851 1088 1935 ἄγαν
1111 1857 1249 1916 πτοοῦσα·
1272 1854 1292 1938 ή
1314 1853 1394 1937 παρὰ

279 1957 311 2020 τὸ
334 1956 422 2019 ἁπτὸν
445 1955 477 2018 τὸ
500 1955 617 2040 ἰσχυρόν
642 2004 649 2018 .
673 2004 679 2018 .
704 1954 858 2024 δεινοετιές.

379 2060 541 2146 βράσσων
570 2059 596 2121 οἱ
619 2059 669 2144 μὲν
692 2059 821 2122 ἐλάσσων
845 2059 915 2143 [ἀπὸ
937 2061 988 2120 τοῦ
1011 2058 1127 2144 βραδύς,
1151 2059 1286 2143 βραδέων,
1309 2060 1393 2144 βράσ-

276 2185 335 2228 σων
363 2165 382 2248 ή
411 2163 439 2226 ά.
468 2185 493 2226 τ.
522 2162 633 2248 βραχύς
659 2165 719 2225 κτλ.
747 2162 784 2226 Ε.
813 2161 880 2246 Μ.],
910 2163 937 2224 οἱ
964 2163 997 2224 δὲ
1018 2161 1075 2224 ἀπὸ
1098 2165 1149 2224 τοῦ
1172 2163 1304 2247 βρασροό
1327 2162 1393 2226 ἄτα·

277 2291 342 2336 κτος
369 2291 394 2330 κ.
424 2269 464 2352 μή
492 2265 633 2350 σταθερός
661 2264 781 2352 [ΕΜ.
810 2263 1024 2350 ταρασσόμενος
1049 2287 1075 2328 κ.
1099 2265 1303 2329 ἀκαταστατῶν
1328 2266 1391 2350 -].

276 2371 304 2437 Ε
332 2369 396 2434 sch.
424 2369 455 2432 K
478 2372 539 2432 226
562 2368 772 2450 comperimus
794 2369 917 2450 priores
940 2367 1035 2432 fuisse
1058 2367 1313 2452 glossographus,
1336 2368 1392 2432 ad-

276 2493 384 2538 versus
411 2493 488 2555 qvos
514 2473 581 2534 Ar:
598 2471 814 2548 contenderat,
837 2470 1057 2535 Aristarchum
1079 2475 1187 2535 autom
1208 2470 1268 2536 sub
1290 2470 1392 2536 altero

276 2575 331 2642 illo
354 2578 380 2640 οἱ
402 2577 435 2640 δέ
456 2575 564 2640 latere.

376 2679 543 2764 καμινοίη
576 2676 803 2762 καμινεοστρίαν·
836 2677 905 2762 γρηῒ
930 2677 1062 2761 καμινοῖη
1089 2677 1176 2746 ἶσος.“
1205 2677 1334 2764 ἐπιφέρει
1360 2679 1392 2741 δὲ

276 2783 349 2847 εἶναι’
378 2805 450 2850 τινες
476 2783 637 2867 κεκμηκοῖα
664 2779 715 2849 τὰς
739 2779 809 2848 ἶνας.
855 2779 956 2844 Valde
984 2786 1144 2863 corrupta.
1188 2779 1324 2864 Hesych.
1352 2801 1392 2845 ex

275 2885 389 2970 Apoll:
412 2890 534 2970 καμινοῖ·
556 2885 751 2970 καμινεοτρῖρ.
774 2885 846 2952 τινὲς
867 2885 1027 2969 κεκμηκοῖορ
1049 2883 1099 2953 τὰς
1118 2885 1190 2960 ἶνας,
1211 2884 1392 2968 ἀπογεγηρα-

275 2991 348 3074 κοίη.
395 2988 499 3054 Schol.
523 3009 540 3052 σ
562 2991 618 3051 27:
642 2993 678 3070 τῇ
700 2988 953 3072 καμινοκαοστρῖογ,
975 2993 1012 3070 τῇ
1036 2987 1203 3073 φρυττοάση
1226 2987 1277 3056 τὰς
1291 2987 1392 3072 κριθὰς

275 3093 346 3179 πρὸς
373 3094 405 3156 τὸ
427 3097 545 3177 ποιήσαι
566 3090 686 3174 ἄλευρα·
710 3091 803 3158 οὕτως
825 3088 991 3174 Ἀρίσταρχ.
1015 3115 1041 3153 κ.
1060 3088 1176 3174 Ἣρωδ.
1199 3091 1215 3152 ὁ
1238 3091 1271 3152 δὲ
1291 3087 1392 3173 Κομα-

273 3197 323 3265 νὸς
349 3203 385 3280 τή
407 3196 541 3278 καμοέση
564 3194 616 3264 τὰς
635 3195 697 3262 ἶνας
719 3194 765 3257 διὰ
787 3195 818 3256 τὸ
840 3199 942 3279 γήρας.
985 3194 1021 3258 Β.
1045 3193 1083 3257 Η.
1108 3193 1144 3270 Q.
1168 3192 1305 3270 Qvorum
1322 3194 1392 3277 jam

275 3321 335 3384 ope
357 3299 449 3364 lexici
472 3297 610 3382 glossam
632 3297 679 3362 sic
702 3297 849 3362 emendo:
878 3299 1000 3382 καμινοῖ,
1022 3309 1215 3383 καμινεοτρίρ·
1239 3321 1322 3382 ,γρηι
1342 3319 1392 3360 κα-

276 3405 353 3488 μινοῖ
370 3401 455 3470 ἴσος.“
479 3401 525 3464 ἐπὶ
547 3404 645 3486 γήρως
667 3401 699 3463 δὲ
722 3401 793 3464 εἶναι
813 3399 885 3468 τινές
907 3419 986 3486 φασι,
1008 3402 1169 3485 κεκμηκοῖιρ
1190 3399 1241 3468 τὰς
1260 3400 1332 3468 ἶνας.

376 3508 586 3588 κητώεσσαν
609 3541 649 3554 —
673 3540 711 3553 -
735 3505 767 3567 τὸ
791 3504 841 3588 μὲν
865 3504 940 3586 ὑγιὲς
963 3503 1036 3586 μέγα
1057 3503 1142 3571 κύτος
1165 3504 1283 3588 [nonno
1303 3508 1392 3587 κῆτος

275 3609 314 3674 cl.
343 3608 410 3674 och.
438 3607 552 3673 Seiler:
577 3606 743 3687 „Schlund,
765 3607 934 3692 Rachen.“]
958 3605 1094 3690 ἔχουσαν,
1119 3607 1215 3692 [κοιλη
1238 3606 1327 3690 Hcs]
1350 3610 1392 3675 ὡς

274 3735 299 3774 κ.
329 3713 376 3775 ἐπὶ
402 3717 454 3796 τῆς
481 3711 558 3794 νηός.
588 3710 660 3777 τινὲς
682 3709 714 3772 δὲ
736 3709 777 3778 εἶς
798 3711 833 3794 ἣν
856 3712 930 3794 κήτη
954 3710 1149 3797 ἐκβράσσεται.
1195 3710 1266 3777 τινὲς
1289 3710 1321 3772 δὲ
1341 3733 1391 3772 κα-

274 3816 454 3901 λαμινθώδη·
481 3816 597 3883 καίετας
623 3815 678 3898 γάρ
695 3817 764 3878 κτλ.
810 3813 856 3877 Of.
885 3813 994 3878 scholl.
1024 3816 1040 3878 δ
1070 3819 1097 3877 1:
1126 3815 1145 3898 ἢ
1175 3813 1303 3898 μεγάλην
1332 3812 1391 3875 ἀπὸ

274 3923 326 3982 τοῦ
353 3920 469 4004 κήτους,
497 3918 516 4002 ἢ
541 3916 615 4003 μέγα
637 3922 725 4002 κῆτος
747 3915 871 4002 ἔχουσαν
893 3917 920 3980 Β
942 3917 973 3981 Η
996 3917 1022 3994 Q
1043 3917 1080 3982 R.
1125 3916 1229 3996 (Haec
1250 3916 1389 3980 Aristar·

275 4021 326 4085 chi
349 4020 518 4103 explicatio
542 4040 610 4086 esee
631 4019 765 4098 videtur,
788 4019 827 4084 of.
851 4020 916 4084 ech.
939 4024 957 4083 λ
980 4021 1055 4102 521)
1078 4018 1240 4105 Ζηνόδοτος
1254 4019 1390 4105 δὲγράρ.

274 4125 464 4191 ναιετάεσσαν
487 4129 560 4190 cett.
583 4128 619 4188 ut
640 4143 747 4210 supra.
790 4123 830 4186 H.
853 4122 895 4188 M.
919 4122 954 4202 Q.
979 4160 1018 4170 -
