3098 4874
1230 339 1269 400 15

189 523 296 609 glossa
322 522 407 587 binis
433 518 675 586 recensionibns
703 523 735 583 et
761 518 846 583 binis
869 521 959 602 qvasi
980 521 1102 602 formis,
1124 522 1227 588 altera
1248 522 1320 588 lon-

188 626 287 710 giore,
315 624 419 689 altera
441 640 557 686 manca
579 624 612 684 et
639 620 766 702 exigua,
789 620 903 686 induta
929 622 1047 704 prodit
1094 623 1179 702 Qvae
1206 645 1317 707 qvam-

72 713 79 728 *
188 749 281 811 qvam
314 726 503 810 plerumque
536 727 604 786 tam
636 742 738 804 prope
773 722 816 787 ad
843 723 1060 790 Aristonicum
1087 727 1253 804 accedunt,
1280 731 1321 790 ut

188 849 390 895 communem
421 823 589 890 redoleant
621 822 752 901 fontem,
786 830 893 889 tamen
926 846 1000 890 cum
1026 827 1135 892 multis
1159 829 1318 910 variisqve

187 931 292 996 modis
330 927 372 993 ab
405 927 461 991 illo
496 925 686 1006 discrepent,
720 945 785 990 non
817 925 919 1007 ipsius
946 927 1128 993 Aristarchi
1161 929 1218 994 sed
1260 929 1317 992 nli·

187 1053 281 1098 orum
304 1051 321 1096 c
344 1029 471 1112 scriptis
493 1027 582 1110 qvasi
603 1045 663 1110 per
684 1027 804 1092 rivulos
815 1027 976 1094 derivatos
990 1031 1023 1094 in
1039 1030 1165 1096 lexicon
1175 1031 1321 1096 influxis-

188 1155 223 1199 se
253 1133 409 1198 videntur.
422 1129 453 1215 *)
504 1129 601 1211 Atqvi
623 1129 803 1194 Aristarchi
831 1130 1005 1213 discipulos
1031 1152 1052 1197 a
1078 1133 1225 1216 magistri
1248 1153 1318 1198 sen·

188 1236 289 1301 tentia
314 1234 348 1298 in
376 1231 485 1296 multis
513 1231 694 1310 recessisse,
722 1232 792 1315 ejus
820 1232 1010 1312 doctrinam,
1038 1255 1099 1316 qvo
1126 1234 1253 1318 longius
1276 1235 1321 1300 ab·

186 1337 254 1420 ejus
286 1340 431 1417 tempore
465 1333 638 1411 abfuerint,
672 1353 710 1398 eo
742 1334 846 1416 magis
873 1335 1025 1413 variasse,
1056 1336 1239 1414 mutavisse,
1263 1337 1317 1402 de-

184 1437 323 1514 flexisse,
346 1436 426 1500 eatis
449 1439 576 1500 constat
599 1433 749 1517 (Sengeb.
772 1435 798 1511 I,
823 1439 873 1499 30.
917 1435 1071 1501 Becoard.
1095 1458 1124 1502 o.
1148 1440 1201 1522 c.);
1219 1459 1317 1520 qvare

185 1539 356 1622 paullatim
384 1538 527 1602 diversas
547 1537 716 1618 variasque
737 1535 883 1602 locorum
905 1557 1080 1621 vocumqve
1102 1539 1322 1621 interpretati·

187 1661 264 1705 ones
285 1639 438 1717 extitisse,
460 1659 525 1703 non
547 1643 596 1702 est
618 1638 745 1702 mirum.

289 1741 348 1806 His
370 1741 521 1806 subsidiis
542 1741 643 1818 novis,
666 1741 694 1804 si
716 1740 792 1822 qvid
813 1739 889 1805 inde
910 1740 1059 1806 utilitatis
1082 1741 1124 1806 ad
1138 1742 1316 1826 lexicogra-

185 1843 241 1925 phi
272 1843 474 1926 prcpositum
506 1841 690 1907 redundare
716 1848 836 1924 posset,
863 1863 925 1924 par
942 1847 992 1906 est
1019 1863 1090 1908 eum
1116 1865 1210 1910 usum
1238 1866 1315 1911 esse.

185 1946 288 2027 Atqve
315 1965 333 2009 e
360 1944 594 2010 recentioribus
621 1943 686 2009 illis
712 1943 865 2020 fontibus,
893 1945 946 2026 qvi
968 1945 1114 2028 magistri
1137 1947 1317 2012 doctrinam

185 2047 275 2129 quasi
307 2067 391 2111 nova
423 2046 530 2128 specie
562 2045 708 2110 indutam
742 2044 947 2123 exhibebant,
975 2065 1048 2109 eum
1074 2047 1229 2124 hausisse,
1257 2047 1317 2112 tibi

184 2148 404 2231 persuadebis,
432 2148 460 2212 si
498 2147 540 2212 ad
573 2146 728 2212 articulos
755 2147 843 2228 ipsos
874 2147 959 2210 inter
980 2167 1015 2211 se
1037 2152 1070 2211 et
1092 2167 1165 2211 cum
1187 2147 1319 2213 scholiis

184 2250 393 2314 Aristonioeis
437 2247 672 2332 comparandos
720 2269 796 2312 mox
833 2267 957 2312 mecum
995 2249 1200 2330 processeris.
1255 2249 1317 2341 Hic

186 2356 312 2416 tantum
335 2351 551 2434 quaerendum
573 2354 631 2430 est,
654 2369 733 2433 qvos
754 2354 886 2432 praeter
908 2351 1154 2416 commentarios
1176 2351 1316 2416 Aristar·
1414 2389 1417 2396 ·

186 2453 239 2517 chi
271 2453 471 2536 Apollonius,
506 2458 563 2517 eut
591 2453 643 2535 qvi
670 2452 796 2517 lexicon
825 2451 1036 2531 concinnavit,
1064 2453 1181 2518 adierit
1202 2453 1315 2520 fontes.

186 2553 277 2633 Sunt,
305 2560 342 2619 ut
369 2554 514 2638 eqvidem
543 2555 672 2638 opinor:
702 2553 944 2618 vocabularium
972 2554 1023 2620 vel
1046 2554 1237 2636 glossarium
1258 2555 1320 2620 ali·

186 2656 270 2738 qvod
296 2657 546 2736 Arohtorchoum,
575 2656 615 2720 dc
637 2675 699 2738 qvo
721 2655 788 2738 jam
811 2655 877 2718 dixi
899 2661 931 2720 et
948 2655 1033 2721 infra
1054 2656 1150 2739 plura
1172 2657 1321 2723 dicturus

185 2779 255 2823 sum
284 2761 440 2840 (extremo
469 2758 547 2840 Cap.
581 2756 644 2822 H:o
677 2762 710 2822 et
741 2756 846 2840 Ill:o);
869 2776 983 2837 corpus
1015 2759 1168 2838 qooddom
1197 2759 1316 2839 glossa·

184 2881 258 2924 rum
278 2861 328 2925 vel
350 2859 663 2937 commentariorum,
686 2859 720 2922 in
742 2877 803 2940 qvo
828 2858 964 2923 aliorum
988 2858 1071 2922 aliae
1093 2858 1315 2924 afferebantur

186 2961 413 3043 explicationes
443 2966 475 3026 et
497 2961 677 3044 opiniones;
706 2959 920 3023 commentarii
941 2959 1057 3042 aliiqve
1078 2959 1153 3024 libri
1175 2961 1318 3027 Aristar-

186 3062 338 3126 oheorum
361 3067 393 3126 et
414 3061 551 3128 aliorum
572 3062 759 3126 recentium.

287 3163 315 3228 Ε
338 3163 585 3241 commentariis,
607 3163 650 3228 ad
671 3164 815 3247 singulos
837 3163 1010 3246 scriptores
1021 3162 1229 3230 illustrandos
1242 3187 1320 3232 cou-v

185 3265 270 3346 ditis,
298 3267 404 3348 prima
432 3265 590 3350 glossaria
611 3271 725 3332 exorte
746 3271 830 3331 sunt.
875 3266 926 3330 Ex
947 3265 997 3330 his
1019 3267 1104 3331 enim
1127 3287 1200 3332 cum
1221 3289 1319 3334 voca-

184 3368 262 3434 bula
284 3368 444 3452 explicata
466 3373 620 3451 excerpta
641 3374 757 3447 essent,
779 3367 1008 3433 vocabulorum
1031 3369 1206 3434 extiterunt
1228 3377 1316 3437 eata-

183 3469 259 3554 logi,
286 3469 505 3550 vocabulario,
533 3469 589 3536 ubi
617 3471 745 3556 singula
770 3469 929 3536 vocabula
950 3471 1055 3554 primo
1079 3471 1205 3556 quidem
1227 3473 1317 3539 nullo

184 3571 296 3637 ordine
318 3571 533 3655 alphabetico,
556 3572 598 3638 ad
625 3573 724 3638 verba
745 3572 912 3656 scriptoris
934 3571 1070 3656 libriqve
1092 3580 1315 3656 argumentum

184 3693 253 3738 sese
275 3674 482 3757 applicantia,
504 3674 588 3739 inter
611 3695 646 3739 ee
667 3675 881 3757 excipiebant.
925 3674 1043 3740 Postea
1064 3675 1106 3740 ab
1129 3675 1245 3757 aliquo,
1263 3677 1318 3758 qvi

184 3771 359 3856 legentium
385 3775 537 3858 cupiebat
564 3775 786 3842 commoditati
807 3775 971 3854 inservire,
994 3774 1152 3840 vocabula
1173 3779 1206 3840 in
1229 3776 1317 3843 litte-

287 3945 312 4010 *)
323 3944 450 4000 Fortasse
468 3946 550 4000 etiam
568 3946 646 4000 lexioi
664 3948 788 4014 excerpta
805 3949 834 4000 et
850 3944 978 3998 mutilata
991 3942 1112 4000 condicio
1125 3945 1154 4000 in
1164 3948 1251 4002 causis
1265 3951 1317 4012 est,

184 4043 230 4084 our
252 4030 361 4084 articuli
379 4030 435 4099 eius
452 4031 531 4088 modo
549 4033 625 4100 ipsas
641 4031 794 4086 Aristarchi
812 4031 960 4086 sententiaa
977 4029 1096 4086 referant
1112 4032 1191 4088 modo
1208 4034 1318 4102 longius

183 4115 217 4168 ab
242 4116 291 4170 illo
312 4117 447 4182 recedant,
470 4133 502 4172 ec
522 4120 582 4174 tota
603 4117 681 4172 lexici
703 4117 785 4172 iacies
807 4120 836 4172 et
852 4116 938 4172 torma
955 4119 1012 4172 tam
1030 4115 1122 4187 dispar
1140 4121 1169 4173 et
1185 4119 1245 4188 ipsa
1262 4119 1316 4174 sibi

183 4197 322 4256 dissimilis
340 4201 419 4258 hodie
437 4203 557 4272 prodeat.
