3098 4874
277 328 296 388 8

229 511 462 593 Aristophanes
489 517 682 594 praeceptor
710 514 780 598 ejus
806 515 896 586 λέξεις
924 515 974 580 vel
1002 520 1136 600 γλῶσσας
1163 519 1364 586 intitulatum

231 611 383 690 condidit,
408 613 570 696 (fragmm.
594 614 681 697 apud
703 615 826 680 Nauck.
849 639 904 700 pp.
929 621 1087 683 69-235.
1129 619 1264 703 Sengeb.
1288 621 1365 687 dise.

231 713 257 794 I,
287 715 327 776 52
355 717 419 798 sq.)
442 715 495 779 hic
517 737 671 800 numqam
695 717 805 796 edidit,
828 720 884 783 sed
907 741 1020 786 vocum
1043 727 1075 786 et
1096 721 1238 788 locorum
1264 723 1370 807 expli*

233 816 374 880 cationes
402 815 520 900 ubique
547 818 632 882 inter
660 820 883 884 annotationes
907 823 1035 888 criticas
1058 844 1190 906 sparsae
1212 824 1362 907 legeban-

230 922 299 997 tur;
332 918 499 984 vocabulis
535 920 619 982 enim
651 919 693 983 ad
720 941 813 984 usum
840 921 1047 988 Homericum
1077 925 1296 991 examinandis
1324 927 1365 992 de

231 1019 364 1104 singulis
386 1021 475 1097 locis,
499 1027 645 1084 essentne
667 1021 740 1086 falsi
763 1043 805 1086 an
828 1023 958 1105 genuini
981 1031 1013 1089 et
1030 1026 1072 1090 ab
1090 1027 1160 1108 ipso
1177 1033 1275 1109 poeta
1289 1049 1366 1112 pro-

230 1121 315 1200 iecti,
334 1120 513 1204 judicabat.
559 1121 625 1206 ,Ex
647 1124 826 1188 Aristarchi
844 1127 971 1207 scriptis
990 1127 1044 1190 alii
1060 1135 1174 1210 postea
1190 1130 1258 1210 ejus
1275 1131 1373 1202 λέξεις

230 1228 460 1306 excerpserunt
486 1223 582 1306 inqve
610 1245 670 1289 sua
697 1225 856 1308 glossaria
885 1228 1129 1308 transtulerunt,
1153 1230 1239 1295 uude
1260 1231 1306 1309 fit,
1329 1237 1366 1297 ut

230 1325 318 1408 apud
340 1325 546 1407 Apollonium
569 1325 755 1410 Sophistam
778 1334 810 1394 et
831 1329 1026 1415 Hesychium
1049 1331 1170 1396 multae
1193 1338 1366 1398 occurrant

230 1429 457 1494 Aristarcheae
484 1429 574 1500 λέξεις
602 1429 771 1514 ,(Sengeb.
795 1430 821 1510 I,
845 1431 911 1515 54).
957 1432 1039 1497 Item
1062 1433 1196 1497 Wolfius
1216 1433 1373 1516 judicare-

232 1529 388 1596 videtur:“
412 1566 453 1577 -
476 1552 598 1612 -per
621 1552 654 1596 se
677 1553 752 1598 vero
774 1554 839 1598 non
862 1539 911 1600 est
928 1534 1074 1600 absimile
1090 1536 1258 1618 propriam
1275 1535 1367 1601 Aris·

231 1633 336 1698 tarchi
364 1632 463 1696 fuisse
493 1632 713 1698 collectionem
741 1635 921 1716 glossarum
948 1635 1222 1702 Homericarum.“
1266 1638 1363 1720 Ejus·

231 1732 318 1798 modi
351 1732 530 1814 glossarum
565 1732 752 1799 collectione
784 1735 990 1816 Apollonium
1023 1738 1131 1801 multis
1164 1739 1244 1802 locis
1270 1760 1365 1803 usum

231 1855 310 1912 esse,
334 1854 395 1916 qvo
419 1834 537 1897 diutius
559 1833 593 1898 in
615 1833 718 1899 lexico
741 1835 809 1918 ejus
832 1835 1365 1918 legendoversatussum,e01na-

231 1937 280 2020 gis
313 1936 392 2000 mihi
424 1937 579 2019 persuasi.
624 1937 665 2001 Id
698 1958 738 2002 ex
768 1938 840 2020 ipsa
872 1938 966 2004 lexici
995 1939 1077 2004 facie
1104 1945 1250 2021 apparet,
1275 1938 1359 2022 qvod

232 2038 340 2104 multis
366 2038 446 2104 locis
468 2039 607 2120 speciem
629 2059 710 2122 prae
733 2060 768 2104 se
790 2039 853 2104 fert
876 2041 1036 2122 congeriei
1059 2040 1249 2123 glossarum,
1273 2062 1370 2123 qvae,

232 2140 320 2205 nullo
354 2140 585 2205 sententiarum
613 2162 698 2205 nexu
726 2141 926 2224 conjunctae,
953 2142 1027 2206 laxe
1055 2148 1181 2206 tantum
1208 2163 1367 2225 saepeque
1401 2209 1403 2213 ,

232 2244 345 2310 inscite
366 2245 450 2308 inter
472 2264 506 2307 se
529 2243 769 2326 conglutinatae
785 2250 868 2308 sunt.
884 2282 925 2292 —
948 2243 1067 2327 Magna
1083 2263 1160 2326 pars
1175 2244 1251 2308 libri
1267 2244 1366 2308 Lehr·

232 2345 314 2410 siani
347 2344 386 2408 de
418 2345 606 2409 Aristarcho
640 2345 772 2409 Homeri
803 2346 979 2428 interprete
1010 2353 1059 2410 est
1092 2349 1161 2429 (pp.
1190 2346 1367 2430 35-162),

232 2447 288 2512 ubi
316 2447 478 2525 docemur,
506 2467 578 2510 cum
605 2447 638 2509 in
665 2447 727 2512 hoo
756 2467 881 2528 genere,
911 2448 982 2512 dico
1012 2470 1125 2512 vocum
1147 2447 1366 2530 interpretati-

234 2571 303 2626 one,
332 2549 373 2612 eb
402 2547 457 2612 illo
485 2547 706 2630 superioribus
733 2547 813 2610 nihil
840 2548 908 2612 fere
934 2551 1125 2630 praestitum
1147 2550 1269 2627 fuisset,
1293 2569 1367 2613 eum

233 2672 348 2716 novam
381 2650 552 2714 munivisse
586 2651 669 2714 viam
703 2649 744 2714 ad
777 2655 907 2730 poetam
935 2655 1024 2714 recte
1056 2648 1306 2732 intellegendum
1334 2655 1368 2715 et

139 2768 150 2788 ⁰
234 2751 506 2837 cognoscendum
530 2750 691 2829 docemur,
709 2771 748 2814 ex
766 2757 842 2833 qvot
859 2757 891 2815 et
908 2752 1033 2834 quantis
1052 2752 1216 2816 erroribus
1232 2751 1365 2818 Homeri

232 2855 457 2937 interpretatio
488 2853 678 2918 Aristarcho
706 2852 803 2918 fuerit
826 2853 1031 2933 exsolvenda;
1059 2875 1135 2918 nam
1158 2875 1365 2937 qvaeounqve

235 2965 331 3024 antea
363 2958 396 3020 in
428 2957 490 3021 hoc
518 2977 635 3040 genere
663 2960 841 3020 tentassent
867 2956 1100 3039 glossographi,
1129 2957 1284 3048 rhetores,
1312 2977 1364 3021 so·

234 3059 370 3143 phistae,
388 3078 427 3122 ea
443 3059 583 3122 maxima
599 3063 692 3139 parte
710 3057 795 3122 falsa
811 3057 860 3122 vel
875 3057 958 3122 levia
970 3064 1002 3122 et
1013 3058 1118 3122 futilia
1130 3059 1228 3122 fuisse
1241 3059 1365 3145 (Lehrs.

223 3165 289 3226 Ar.
329 3165 361 3225 et
391 3159 525 3242 Sengeb.
560 3159 585 3236 I,
621 3161 686 3240 53).
743 3159 847 3224 Tanta
879 3159 978 3242 igitur
1011 3159 1155 3226 sollertia
1186 3160 1368 3242 ingeniique

235 3263 381 3329 acumine
410 3267 442 3326 et
470 3260 629 3344 elegantia
655 3262 693 3325 A.
721 3283 836 3326 novam
865 3262 1007 3328 condidit
1034 3268 1138 3327 artem
1164 3262 1297 3328 Homeri
1318 3263 1367 3326 in·

235 3363 443 3448 terpretandi,
466 3368 503 3426 ut
525 3362 619 3426 facile
642 3363 788 3428 omnibus
811 3363 1017 3428 antecelleret
1034 3369 1066 3427 et
1082 3363 1277 3446 philologiae
1293 3383 1367 3428 vere

234 3468 385 3551 princeps
412 3486 470 3548 per
498 3464 628 3530 saecula
656 3465 892 3530 existimaretur
920 3471 952 3530 et
979 3465 1181 3544 ,incredibile
1203 3466 1245 3529 sit
1267 3465 1366 3544 dictu,

236 3573 356 3652 quanta
382 3566 452 3650 ejus
479 3566 555 3630 olim
583 3566 759 3630 auctoritas
782 3566 879 3631 fuerit
900 3587 964 3631 non
987 3566 1090 3631 solum
1113 3567 1200 3648 apud
1222 3567 1372 3632 homines

236 3671 378 3754 ejusdem
410 3668 628 3752 protessionis,
662 3666 718 3732 sed
746 3666 833 3748 apud
860 3667 1003 3732 eruditos
1034 3688 1143 3732 omnes
1171 3673 1203 3732 et
1230 3687 1368 3751 graecos-

236 3780 268 3839 et
289 3774 433 3838 latinos“.
446 3773 477 3855 *)

339 3944 360 4008 ·)
377 3939 466 3994 Verba
488 3940 552 3992 sunt
573 3937 672 3993 Wolfii.
709 3935 760 4002 cvi
782 3939 871 3990 tamen
893 3937 1003 3990 nimiam
1027 3937 1103 3990 illam
1128 3939 1317 3992 auctoritatem
1339 3941 1370 3992 et

235 4041 340 4082 caecam
365 4023 637 4092 superstitiosamque,
661 4037 712 4092 qva
733 4023 764 4076 A.
790 4021 935 4084 colebatur,
960 4022 1135 4076 reverentiam
1163 4023 1369 4092 reprehendens,

236 4111 328 4167 laudes
347 4108 403 4178 ejus
421 4106 519 4160 finibus
538 4107 738 4174 angustioribus
757 4105 956 4160 circumscribit.
976 4112 1011 4176 (p.
1026 4109 1077 4163 227
1091 4107 1152 4176 sq.).
1180 4105 1219 4160 Cf.
1236 4105 1267 4160 G.
1282 4105 1367 4161 Bern-

237 4195 322 4264 hardy
341 4194 387 4248 Gr.
404 4192 459 4245 Lit.
478 4190 572 4245 Gesoh.
590 4191 626 4244 ll.
643 4191 713 4245 Erst.
731 4191 812 4246 Abth.
831 4194 889 4249 192.
926 4192 1005 4245 Helle
1025 4194 1100 4249 1877.
