3098 4874
1220 271 1259 332 55

173 454 217 521 M.
237 457 284 534 Q„
302 477 383 540 qvae
400 455 591 522 adverbum
608 475 681 521 cum
697 455 760 520 illis
773 456 984 521 consentiunt.
1008 455 1084 521 Mox
1095 455 1201 539 pergit
1212 456 1303 521 scho-

173 559 271 624 liasta
298 558 415 636 dicere,
443 557 629 636 Homerum
657 557 714 622 ubi
741 577 780 623 ea
807 557 924 622 dixerit
951 578 1032 641 qvae
1053 557 1179 644 peteris
1201 557 1303 623 notio·

173 680 247 725 nem
281 659 474 743 exprimant,
507 659 645 742 speciem
678 660 859 742 spectantia
885 659 1004 726 addere
1031 657 1144 738 solere,
1172 665 1209 724 ut
1236 661 1302 726 hic:

173 762 340 847 ἀγάλματα·
370 763 433 826 τίνα
460 760 511 826 cdv
539 765 647 838 vudcu3
675 761 835 846 ὑφάσματά
857 785 889 824 τε
910 761 1021 846 χρυσόν
1044 784 1091 841 τε;
1115 781 1195 844 qvae
1218 762 1303 827 colo·

173 885 242 928 rem
264 885 397 946 prorsus
419 863 661 928 Aristarcheum
683 861 804 928 referre
825 863 981 928 videntur.
1026 863 1098 928 Huc
1120 863 1217 928 etiam
1231 883 1304 946 per·

173 967 256 1031 tinet
277 965 376 1031 schol.
399 986 417 1030 σ
439 969 501 1030 602
518 965 562 1028 ὅτι
577 964 644 1033 τοὺς
658 964 765 1033 ἵππους
780 965 899 1050 ἄγαλμα
915 965 1029 1050 εἴρηκεν
1045 968 1118 1041 κτλ,
1136 985 1215 1049 „qvo
1231 964 1302 1030 loco

173 1067 245 1132 sine
267 1067 363 1132 dubio
392 1065 548 1132 stabilivit
570 1066 776 1132 Aristarchus
798 1087 888 1132 suam
911 1067 998 1132 vocis
1012 1067 1132 1152 ἄγαλμα
1146 1067 1302 1150 interpre-

174 1168 338 1246 tationem,
367 1189 447 1251 qvae
475 1169 517 1232 ad
543 1192 562 1252 γ
591 1171 653 1232 274
676 1173 708 1232 et
729 1191 748 1251 γ
770 1171 832 1232 438
856 1169 1053 1251 exponitur,“
1075 1175 1112 1233 ut
1134 1169 1181 1234 ait
1203 1167 1303 1233 Pololr

173 1269 219 1348 (in
245 1269 328 1334 libro
349 1269 506 1352 inscripto
529 1269 678 1354 „Obseru
701 1269 735 1332 in
759 1269 921 1353 Odysseae
943 1269 1082 1336 scholia“
1104 1270 1206 1353 Lugd.
1229 1269 1300 1336 Bat.

175 1375 267 1436 1869.
291 1393 322 1454 p.
347 1371 380 1457 9)
405 1371 467 1454 qvi,
491 1371 639 1437 addendo
662 1369 716 1448 ὅτι,
739 1371 920 1436 Aristonico
942 1371 1026 1436 hano
1047 1372 1301 1437 observationem

170 1472 388 1538 revindicavit.
910 1527 913 1532 .

274 1576 453 1659 ἀγγελίην.
497 1575 537 1640 Η.
571 1574 592 1638 l.
627 1575 745 1640 mentio
777 1575 814 1639 fit
846 1573 1001 1640 Zenodoti
1031 1574 1177 1640 lectionis
1210 1575 1244 1639 in
1277 1574 1300 1638 Γ

169 1682 245 1758 266;
268 1698 370 1761 neqve
391 1682 500 1743 tamen
522 1677 626 1760 ipsam
640 1677 794 1743 Zenodoti
809 1677 1028 1742 recensionem
1042 1676 1148 1760 Apoll.
1163 1677 1303 1760 inspexit

168 1781 228 1846 sed
257 1801 296 1845 ex
324 1780 504 1846 Aristarchi
527 1779 702 1845 autoritate
724 1799 796 1845 eam
819 1780 968 1864 cognovit
989 1781 1032 1864 (v.
1047 1779 1219 1865 Proocm.).
1252 1780 1302 1846 Ex

171 1883 285 1948 eodem
308 1881 397 1948 fonte
419 1881 665 1964 explicationem
687 1883 759 1946 ποτὲ
781 1883 814 1946 δὲ
828 1883 891 1946 ἀντὶ
906 1887 958 1945 τοῦ
974 1881 1096 1966 ἄγγελος
1111 1883 1299 1964 manavisse,

170 1984 290 2050 collato
312 1983 434 2049 scholio
457 1983 481 2046 Γ
504 1987 576 2062 266,
599 1989 745 2065 apparet.

275 2087 420 2170 ἀγήνωρ
443 2085 509 2170 ἦτοι
532 2085 593 2171 [ἐπὶ
615 2085 735 2149 ἐπαίνου
757 2085 809 2150 Et.
833 2084 875 2148 M.
899 2090 931 2156 et
946 2085 1059 2168 schol]
1075 2085 1091 2147 ὁ
1108 2085 1185 2168 (hoc
1200 2085 1298 2170 addo)

168 2185 244 2270 ἄγαν
275 2189 406 2272 ἀνδρεῖος
432 2211 458 2250 ιι.
487 2210 512 2251 τ.
535 2190 563 2250 λ.
586 2187 606 2271 ἢ
631 2187 699 2250 ὅταν
724 2186 785 2271 [ἐπὶ
806 2185 899 2272 ψόγου
921 2185 972 2250 Et.
996 2185 1049 2264 Μ,
1073 2186 1186 2270 schol]
1210 2185 1300 2250 anee-

166 2291 224 2373 δης
246 2313 274 2354 ιι.
297 2290 432 2375 ὑβριστής
454 2326 495 2336 -
518 2326 559 2336 --
582 2290 630 2353 καί
651 2292 671 2374 ἡ
694 2289 872 2374 ἀγηνορία
893 2289 1104 2374 παραπλησίως
1125 2293 1207 2355 κ.τ.λ.
1241 2288 1299 2356 His
1377 2313 1379 2318 ’

166 2390 288 2456 similia
313 2390 412 2456 habet
438 2390 504 2454 sch.
533 2389 550 2454 Ι
579 2394 652 2470 699,
680 2391 764 2474 qvod
787 2391 884 2456 etiam
907 2390 947 2456 de
969 2391 1074 2456 media
1096 2392 1181 2456 vocis
1203 2393 1299 2475 signi·

168 2491 318 2558 flectione
340 2513 413 2558 cum
435 2491 541 2574 Apoll.
565 2494 737 2559 consentit:
765 2496 786 2578 ἡ
810 2495 896 2578 διπλῆ
921 2493 965 2556 ὅτι
984 2493 1075 2557 ἐνίοτε
1091 2495 1142 2578 μὲν
1159 2495 1206 2558 ἐπὶ
1221 2495 1298 2558 ἐπαί-

164 2613 285 2658 νου-
310 2631 347 2644 -
371 2598 421 2656 νῦν
445 2595 478 2656 δὲ
500 2594 547 2658 ἐπὶ
569 2595 662 2681 ψόγου
684 2599 767 2660 κ.τ.λ.
793 2595 833 2661 cf.
857 2595 923 2660 sch.
947 2597 964 2682 β
990 2599 1059 2660 103.

272 2697 464 2781 ἀγέρωχοι.
509 2696 580 2762 Hoc
608 2697 765 2763 vocabulo
794 2699 883 2780 qvasi
911 2697 1058 2780 exemplo
1085 2718 1163 2763 usus
1190 2699 1295 2780 Apoll.

169 2797 379 2877 demonstrat,
403 2798 561 2880 qvomodo
583 2799 639 2864 vis‘
656 2803 688 2864 et
709 2799 798 2865 notio
813 2797 919 2865 verbis
934 2795 1089 2880 subjecta,
1105 2798 1299 2880 procedente

168 2905 323 2984 tempore,
352 2903 386 2966 in
413 2903 506 2986 pejus
533 2902 652 2966 mutari
674 2901 791 2968 soleat:
815 2938 856 2948 -
878 2938 921 2948 -
942 2901 1010 2970 τοὺς
1031 2901 1086 2986 γάρ
1110 2900 1249 2971 αὐθάδεις
1271 2927 1297 2968 κ.

167 3003 363 3073 ἀπαιδεύτους
386 3006 559 3090 ἀγερώχους
580 3003 713 3089 λέγομεν·
737 3005 753 3067 ὁ
776 2998 949 3089 steppo<
970 3003 1038 3072 τοὺς
1060 3003 1133 3087 ἄγαν
1156 3003 1298 3089 ἐντίμους,

166 3107 226 3170 ἀπὸ
249 3111 302 3170 τοῦ
325 3106 398 3190 ἄγαν
421 3097 469 3171 ἐπὶ
491 3111 543 3170 τοῦ
565 3105 660 3192 γέρως
683 3107 826 3192 ὀχεῖσθαι·
850 3143 892 3154 -
907 3143 949 3154 -
971 3104 1101 3190 ,Τρώων
1117 3107 1298 3192 ἀγερώχωνιι

167 3207 206 3292 (Γ
229 3211 295 3293 36),
319 3210 428 3294 ὁμοίως
450 3211 553 3274 δὲκαὶ
575 3209 644 3273 ὅταν
667 3247 708 3256 -
731 3247 772 3261 --
794 3205 926 3288 ,Ῥοδίων
949 3207 1130 3293 ἀγερώχων”
1153 3209 1297 3294 (Β664).

164 3309 379 3375 Consentiunt
399 3312 480 3376 haec
500 3311 598 3393 plane
620 3329 692 3376 cum
714 3308 826 3374 scholl.
870 3309 1078 3375 Aristoniceis
1100 3309 1143 3374 ad
1166 3309 1188 3374 Γ
1209 3313 1249 3374 36
1266 3315 1298 3377 et

168 3407 197 3474 K
227 3415 302 3489 430,
330 3412 392 3476 nisi
414 3411 498 3496 qvod
517 3411 742 3496 etymologiam
763 3409 852 3474 illam
875 3410 922 3474 διὰ
944 3411 977 3474 τδ
999 3411 1122 3497 ἀγείρειν
1146 3413 1197 3498 τὴν
1221 3412 1297 3499 ὀχὴν

166 3535 208 3573 -.·.-
237 3514 290 3598 τὴν
313 3516 435 3600 τροφήν,
458 3535 479 3579 a
500 3513 662 3579 nonnullis
684 3511 924 3596 glossographis
945 3513 988 3578 ad
1009 3513 1151 3580 Rhodios
1173 3516 1297 3581 adhibi·

166 3617 244 3692 tam,
272 3620 382 3680 noster
409 3616 524 3681 omisit.
570 3614 766 3699 Qvamqvam
792 3615 910 3694 nescio,
939 3635 991 3694 an,
1018 3615 1080 3681 hac
1106 3623 1200 3700 parte
1227 3639 1295 3684 mu-

164 3713 288 3793 tilatus,
313 3715 366 3781 hic
387 3716 543 3782 articulus
564 3716 598 3780 in
619 3716 671 3781 Et.
693 3715 737 3781 M.
758 3717 914 3800 integrior
934 3717 1123 3798 reperiatur.
1167 3717 1297 3802 Etymo·

166 3814 260 3900 logus
282 3817 367 3881 enirn
389 3823 558 3900 postqvam
580 3838 679 3901 usqve
702 3817 744 3884 ad
761 3815 883 3883 Ῥοδίων
899 3818 1061 3904 ἀγερώχων
1078 3817 1190 3886 eadem
1205 3841 1297 3903 pror-

163 3937 222 3983 sus
249 3939 289 3983 ac
310 3923 420 3984 noster
441 3921 619 4003 proposuit,
640 3919 715 3985 indo
736 3921 857 4004 pergit:
884 3918 954 3985 ἔνιοι
980 3921 1013 3984 δὲ
1034 3925 1091 3984 τῶν
1113 3925 1298 4010 γλωσσογρά·

163 4041 231 4105 ρων
260 4019 340 4090 ἰδίως
368 4021 490 4090 τούτους
518 4020 618 4092 ἔδοξαν
646 4021 728 4108 ἀγερ.
757 4022 861 4108 λέγειν,
890 4022 953 4088 ἐπεὶ
974 4027 1113 4110 νησιῶται
1135 4025 1296 4115 ἐπεισάκτῳ

161 4124 264 4208 τροφῇ
297 4129 428 4208 χρῶνται
457 4123 515 4188 ἀπὸ
543 4127 594 4188 τοῦ
623 4123 746 4210 ἀγείρειν
774 4125 849 4212 ἀχήν
872 4130 965 4205 acl„
988 4123 1120 4214 Ὁμήρου
1149 4129 1296 4214 μηδέποτε
