3098 4874
341 375 401 446 52,

293 562 388 626 nihus
409 559 507 624 fuisse
529 579 646 641 corpus
669 559 829 642 quoddam
850 560 1044 626 scholiorum
1066 563 1116 626 vel
1138 561 1327 646 glossarum,
1350 583 1424 645 qvo,
1525 585 1526 646 ι

295 669 463 728 anctorum
490 659 671 724 nominihus
698 661 832 739 omissis,
860 661 949 727 brevi
976 668 1150 747 conspectu
1176 663 1425 729 continebantur

294 765 403 830 variae
425 762 707 845 grammaticorum
728 763 1018 844 interpretationes.
1063 764 1121 842 Qvi
1143 786 1216 830 oum
1236 765 1425 849 plerumque
1525 815 1526 824 ,

294 866 337 932 ab
358 863 538 929 Aristarchi
561 862 730 944 disciplina
752 870 867 942 essent,
890 885 969 947 qvos
991 867 1137 950 magistri
1153 867 1332 932 doctrinam
1347 887 1424 949 par-

294 968 352 1032 tim
379 970 571 1030 mutatatam
599 971 631 1028 et
658 963 825 1044 deflexam,
846 967 966 1048 partim
988 968 1147 1051 integram
1169 969 1341 1034 tradidisse
1362 970 1425 1033 sci-

294 1089 376 1145 mus,
404 1088 442 1132 eo
468 1065 514 1143 tit,
543 1069 579 1129 ut
600 1065 762 1130 interdum
784 1067 853 1148 ejus
875 1068 1174 1151 interpretationem
1196 1071 1246 1135 bis
1267 1070 1424 1154 legamus,

293 1169 421 1254 qualem
447 1173 480 1232 et
506 1168 576 1249 ipse
603 1173 818 1248 proposuerat
845 1174 877 1234 et
904 1169 961 1234 alii
988 1170 1200 1238 tradiderant.
1244 1171 1315 1237 Hoc
1336 1171 1425 1236 cadit

294 1273 328 1336 in
350 1273 493 1356 ἑρμῖνα,
517 1269 689 1337 ἰονθάδος
712 1269 769 1354 (l),
792 1274 1033 1358 περιρρηδὴς,
1056 1279 1259 1358 στρεπτοῖο.
1296 1271 1425 1355 Saepis-

293 1376 372 1440 sime
394 1380 502 1438 tamen
524 1371 571 1449 fit,
593 1376 630 1436 ut
651 1372 890 1438 Aristarcheam
913 1373 1167 1441 observationem
1190 1375 1353 1457 excipiant
1372 1375 1425 1441 vel

293 1497 367 1540 oum
393 1474 450 1540 illa
478 1473 668 1554 conjunctae
694 1473 759 1538 sint
787 1474 870 1539 aliae
896 1477 1082 1554 sententiae,
1110 1476 1182 1558 plus
1210 1477 1354 1541 minusve
1381 1476 1424 1541 ab

290 1577 348 1642 illo
372 1575 564 1651 differentes
585 1575 703 1656 partim
727 1595 747 1638 a
769 1575 857 1640 tonte
879 1597 971 1658 qvem
994 1577 1140 1656 diximus,
1163 1577 1282 1660 partim
1305 1577 1346 1643 ab
1365 1579 1423 1643 ali-
1525 1571 1526 1574 '

292 1698 386 1743 orum
413 1676 541 1759 scriptis
568 1675 742 1757 profectae,
771 1698 800 1741 v.
829 1697 856 1740 ο.
885 1677 944 1741 sub
972 1678 1036 1742 his:
1070 1679 1162 1756 ἀντὶ,
1191 1680 1320 1765 ἀβίων,
1343 1680 1424 1743 ἀνα-

293 1781 474 1864 κτορίησι,
503 1777 653 1861 ἀνέχῃσι
680 1776 736 1861 (l),
765 1777 1006 1862 δυσηλεγέος,
1034 1780 1264 1867 ἐμπλήγδην,
1287 1781 1423 1866 ἐπήτη,

291 1881 386 1966 ἕρμα
418 1880 471 1965 (l),
505 1879 689 1960 ἰονθάδος,
719 1879 886 1964 ἰόμωροι,
915 1881 1021 1967 ἰωγή,
1050 1885 1248 1969 στεφάνηθ,
1278 1885 1423 1968 ὑπερικ-

292 1985 456 2046 ταίνοντο
480 1980 532 2046 αλλ
576 1980 615 2045 In
637 1980 687 2044 his
709 1981 863 2046 nonnulla
884 1987 967 2062 sunt,
990 1988 1027 2048 ut
1048 1985 1286 2070 άνακτορίηςι
1301 1991 1334 2050 et
1351 1987 1423 2050 ἰον-

292 2087 419 2162 θάδος,
456 2084 490 2148 in
527 2082 641 2165 qvihus
674 2083 754 2148 haec
787 2083 890 2149 altera
923 2085 1095 2168 explicatio
1129 2087 1171 2152 ad
1198 2087 1424 2152 Aristarchum

291 2195 359 2254 tam
381 2206 484 2269 prope
505 2183 640 2262 accedit,
662 2189 698 2248 ut
719 2185 782 2249 hoe
803 2185 908 2268 ipsum
926 2187 997 2270 jam
1017 2207 1077 2270 per
1091 2209 1126 2254 se
1141 2195 1290 2255 auctores
1303 2189 1425 2272 prodat

291 2287 473 2353 Aristarchi
501 2285 683 2368 discipulos.
707 2324 749 2334 —
770 2287 945 2370 Excipiunt
971 2289 1128 2356 voeabula
1149 2312 1264 2374 pauca,
1287 2311 1424 2374 quorum
1525 2317 1526 2322 ¹

292 2388 585 2473 interpretationes,
609 2387 752 2469 qvamvis
775 2409 846 2452 oum
868 2390 1048 2456 Aristarchi
1069 2393 1198 2458 nomine
1221 2393 1359 2458 traditas
1374 2393 1424 2458 vel

290 2492 362 2576 ejus
390 2489 573 2573 opinionem
599 2488 683 2552 inter
711 2489 792 2553 alias
818 2491 971 2556 insertam
999 2493 1194 2574 exhibentes,
1223 2499 1424 2561 nontamen

292 2595 340 2658 illi
363 2593 419 2658 sed
441 2591 542 2675 ipsius
565 2589 729 2671 discipulis
751 2589 875 2655 lexicon
899 2591 1016 2659 debere
1038 2593 1172 2674 videtur,
1196 2596 1344 2678 magistri
1365 2594 1424 2661 do-

291 2695 430 2762 ctrinam
453 2679 664 2758 tradentibus.
708 2691 759 2754 Ex
780 2713 841 2774 qvo
864 2693 952 2760 fonte
968 2697 1145 2761 manavisse
1162 2697 1310 2763 videntur
1326 2698 1422 2763 haec:
1524 2685 1525 2756 l

289 2797 428 2866 ἄεθλος
454 2796 481 2862 n
509 2794 640 2870 ἄεθλα,
669 2797 770 2877 ζῶμα
797 2793 825 2858 tr
851 2798 1010 2882 ζωστήρ,
1039 2797 1206 2884 ἰόμωροι,
1228 2801 1340 2878 λάων,
1362 2822 1423 2883 νη-

288 2905 360 2977 λεῖ,
383 2903 519 2981 πλωτῇ.

397 3005 427 3064 3.
471 2999 556 3064 Looo
584 3002 747 3080 postremo
769 3018 887 3080 ponam
910 3000 1074 3080 nonnulla,
1097 3023 1231 3084 quorum
1255 3002 1422 3086 explicati·

289 3101 416 3180 onibus,
433 3122 473 3166 ex
487 3100 675 3164 Aristarcho
691 3100 859 3181 excerptis,
875 3101 1113 3186 subjunguntur
1128 3103 1211 3170 aliae
1226 3110 1423 3170 commenta·
1524 3163 1525 3170 ,

292 3205 405 3282 tiones,
435 3222 513 3286 qvas
539 3201 601 3284 ipsi
628 3201 799 3284 Apollonio
828 3203 1005 3269 asscribere
1032 3224 1127 3287 posse
1150 3205 1244 3271 uobis
1266 3205 1421 3271 videmur.
1524 3201 1525 3228 ³

291 3305 459 3390 Ejusmodi
492 3308 567 3369 sunt
597 3301 656 3368 sub
685 3303 748 3367 his:
778 3304 906 3390 ἀβίων,
929 3309 1038 3391 κῆλα,
1061 3308 1258 3393 πεφράδοι,
1281 3307 1422 3379 Σίντιες
1524 3291 1525 3311 ³

287 3410 347 3492 (l),
381 3411 534 3484 σκῶλος,
567 3409 769 3492 σομφερτή,
803 3407 1058 3493 ὑπεμνήμυκεν
1092 3409 1277 3495 (,,βέλτιον
1311 3411 1350 3474 δὲ
1382 3412 1421 3476 τδ

285 3511 490 3594 πρῶτον“),
514 3508 808 3593 ὑπεροπλίοαιτο.

751 3853 956 3862 ——-—..-.
