3108 4870
1250 367 1290 427 89

198 547 339 631 ἁρμάτων
363 550 383 632 ἢ
408 549 529 632 δίφρων,
553 548 636 631 qvod
659 549 737 612 mihi
760 569 884 630 qvoqve
906 547 1024 630 placet,
1048 569 1122 612 nam
1139 569 1212 613 cum
1227 551 1258 612 h.
1275 570 1336 611 vox

197 649 249 713 bis
272 655 399 713 tantum
423 651 565 715 occurrit
587 651 614 713 Ε
640 655 703 713 194
727 657 758 715 et
781 650 806 714 Ω
831 655 903 728 267,
926 651 1035 733 priore
1058 650 1129 715 loco
1153 651 1191 714 de
1207 649 1336 715 sedibus

200 770 355 815 curruum
384 752 480 836 δίφροι
509 775 614 836 πρωτ,
643 753 823 834 posteriore
846 751 884 816 de
906 753 977 834 ipso
1001 773 1098 816 curru
1121 753 1233 836 ἅμαξαν
1256 775 1337 836 πρω-

198 858 314 936 τοπαρῒρ
344 853 484 937 dicitur]
499 905 501 909 ,
514 855 546 916 τὸ
570 855 713 918 turbarer.
737 856 854 938 σημαίν.
879 855 946 922 τοὺς
968 859 1093 939 πρώτως
1116 860 1165 917 νῦν
1188 854 1336 938 πεπηγμέ-

196 975 276 1021 νους.
321 955 445 1018 Deinde
470 955 499 1018 E
529 959 591 1018 194
619 957 747 1020 citatur.
794 953 837 1018 cf
862 956 928 1019 sch.
951 955 1028 1018 ibid.
1053 959 1139 1040 διπλῆ
1163 957 1207 1019 ὅτι
1228 955 1335 1039 Ζηνοδ.

197 1055 344 1140 ἠθέτηκεν
367 1061 408 1123 ὥς
429 1060 676 1139 ταυτολογοῦντυς
699 1062 918 1142 ,πρωτοπαγεῖς
938 1059 1136 1142 νεοτευχέες,“
1159 1059 1271 1141 ἀγνοῶν
1293 1059 1337 1121 ὅτι

198 1158 291 1222 ἐνίοτε
313 1161 511 1243 παραλλήλως
533 1160 632 1224 τάσσει
654 1160 705 1227 τὰς
728 1160 1073 1243 ἰσοδυναμυώσαςλέξεις.
1111 1160 1337 1242 Itaqve‘etiam

198 1262 297 1325 Arist.
321 1281 423 1344 „nunc
445 1261 585 1342 primum
606 1261 657 1325 rel
679 1269 829 1325 necentur
852 1263 1040 1342 compacti.“
1063 1299 1105 1312 -

302 1362 392 1439 Qvod
413 1383 489 1427 vcro
511 1366 573 1444 Ap.
597 1362 622 1426 Ω
646 1367 707 1426 267
732 1363 844 1446 ἅμαξαν
868 1369 1050 1448 πρωτοπαγῆ
1076 1369 1166 1445 (nam
1189 1363 1276 1426 hunc
1290 1362 1337 1427 lc·

198 1487 273 1530 cum
300 1465 380 1528 illud
402 1465 600 1548 πρωτοπαγέα
621 1465 774 1546 respiciat
795 1485 926 1528 necesse
949 1471 1007 1542 est,
1032 1470 1064 1528 et
1086 1470 1163 1528 sunt
1186 1464 1337 1527 editores,

199 1567 252 1650 qvi
275 1567 372 1630 etiam
394 1587 480 1630 nunc
502 1567 549 1630 sic
570 1567 716 1630 scribunt
737 1567 946 1650 πρωτοπαγέα,
963 1565 1052 1630 Koch
1066 1567 1173 1648 Leipz.
1193 1569 1291 1642 18703
1308 1585 1336 1628 v.

198 1667 288 1751 vill.)
321 1668 554 1749 interpretatur
588 1667 708 1749 duplici
736 1669 847 1733 modo:
877 1668 1004 1748 „eximie
1031 1673 1248 1750 compactam“
1278 1669 1337 1729 aut

199 1774 352 1850 „recenter
380 1775 607 1851 compactam“‚
636 1769 757 1834 addens
784 1771 860 1849 „teu
887 1772 919 1832 τὸ
949 1771 1000 1854 μὲν
1024 1771 1143 1846 τάξεως,
1166 1771 1198 1832 τὸ
1222 1770 1255 1832 δὲ
1277 1791 1337 1831 ποι-

199 1871 330 1956 ότιρτος“,
354 1871 415 1935 hoc
433 1871 502 1953 jam
526 1892 565 1936 ex
587 1871 659 1935 aliis
682 1872 826 1936 fontibus
850 1871 967 1936 afferre
990 1872 1126 1936 videtur.

302 1977 466 2057 πρώτῃσι
487 1973 632 2058 θύρῃσι.
678 1973 725 2036 cf.
750 1973 861 2037 scholl.
885 1974 916 2036 X
939 1977 990 2035 66.
1007 1972 1032 2035 Θ
1049 1977 1122 2035 411.
1139 1972 1173 2034 L.
1190 1973 1245 2033 Ar.
1266 1973 1337 2034 146.

303 2079 433 2161 πρώτῳ
457 2078 558 2162 ῥυμῷ
583 2074 626 2158 (Π
650 2076 736 2158 371).
781 2074 829 2138 Ο.
853 2075 919 2138 sch.
943 2074 970 2136 Ε
994 2077 1067 2136 729.
1111 2073 1202 2136 Ζ40.
1221 2070 1247 2133 Π
1264 2075 1336 2134 371.

199 2178 235 2241 L.
259 2179 315 2241 Ar.
339 2197 448 2259 supra.
1188 2228 1191 2232 .

303 2280 492 2362 πυλάρταο
521 2282 726 2362 κρατεροῖο.
772 2277 880 2359 „Ex*)
910 2277 959 2340 his
989 2276 1114 2340 duobus
1146 2273 1338 2339 dictionibus

201 2401 284 2444 unus
307 2382 449 2445 exoritur
471 2401 592 2444 sensus.
637 2380 720 2443 Eum
736 2381 819 2443 enim
835 2378 967 2454 indicat,
985 2378 1037 2460 qvi
1052 2379 1187 2442 firmiter
1198 2377 1338 2459 januam

202 2482 338 2564 adaptat
364 2483 431 2568 (τοῦ
459 2483 511 2550 τὰς
538 2483 632 2550 πύλας
655 2482 840 2567 ἐπαρτῶντος
863 2486 1003 2566 ἰσχυρῶς,
1027 2482 1086 2544 οἷον
1109 2479 1337 2565 ἑφαρμόζοντος.

201 2622 242 2632 -
273 2584 323 2647 Et.
347 2584 401 2648 M.:
425 2623 467 2632 -
489 2621 530 2632 -
553 2585 709 2668 ἀρτώντος,
734 2585 751 2647 d
773 2585 832 2647 ἐστι
853 2584 1123 2654 κατασκευάζοντος
1145 2607 1172 2645 κ.
1195 2580 1338 2666 συναρμό-

201 2687 375 2768 ζοντος**),
405 2707 486 2769 qvae
513 2691 621 2750 tamen
650 2686 692 2750 ab
720 2686 789 2765 ipso
819 2686 1000 2769 etymologo
1024 2684 1151 2765 adjecta
1174 2704 1242 2747 esse
1264 2703 1338 2764 pes-

200 2791 299 2871 sunt).
344 2789 393 2853 De
420 2789 558 2852 Plutone
586 2788 706 2870 aliqvid
730 2788 795 2852 tale
819 2787 975 2866 affirmat3
1006 2808 1078 2850 nam
1101 2785 1172 2849 fieri
1194 2807 1258 2848 non
1281 2806 1338 2868 pc·

157 2923 159 2927 ·
200 2895 273 2968 test,
294 2896 330 2954 ut
345 2891 462 2974 aliquis
477 2896 623 2955 mortuus
639 2911 678 2954 ex
693 2890 772 2956 locis
788 2889 1006 2954 subterraneis
1021 2887 1250 2970 regrediatur.“
1283 2887 1339 2951 Se·

201 2999 343 3074 qvuntur
364 2993 512 3075 Apicnea
535 2992 692 3075 quaedam
716 2994 773 3078 (-
795 3029 835 3040 -
859 3015 888 3054 π.
913 3015 953 3050 z
977 2991 992 3054 b
1015 2994 1077 3058 ταῖς
1093 2991 1197 3058 πύλαις
1212 3008 1339 3074 προσηρ-

201 3093 347 3177 τρρένος,
375 3095 395 3178 ἢ
424 3094 518 3162 πύλας
546 3093 711 3178 ἀπαρτίζων
738 3097 848 3177 acb).
895 3091 982 3170 Quae
1005 3093 1110 3175 prima
1132 3094 1192 3174 Ap.
1219 3092 1339 3170 attulit,

200 3195 381 3260 Aristarchi
402 3201 492 3276 sunt;
516 3195 556 3260 cf.
580 3195 679 3260 schol.
704 3195 733 3259 N
757 3199 832 3259 415.

304 3298 415 3382 πυρὸς
437 3297 539 3383 αὐγή.
585 3297 633 3361 Of.
656 3296 768 3362 scholl.
792 3297 808 3360 I
832 3299 904 3360 206.
930 3296 960 3360 Ψ
983 3299 1034 3359 89:
1058 3293 1178 3374 „Locus
1201 3293 1242 3358 ab
1266 3294 1340 3377 igne

202 3399 436 3466 collustratus.“
917 3475 920 3482 Ι

304 3501 392 3588 biba
416 3501 524 3588 [πάντα
546 3502 659 3586 schot]
682 3501 719 3564 τὰ
742 3500 817 3585 μέλη
840 3505 893 3564 τοῦ
916 3503 1064 3585 σώματος.
1088 3497 1116 3562 Π
1144 3502 1216 3563 856.
1258 3497 1340 3562 Item

201 3603 313 3668 schell.
342 3603 362 3667 l.
391 3603 412 3667 l.
441 3609 473 3668 et
499 3603 530 3666 X
560 3607 610 3684 68,
638 3602 860 3668 tantummodo
888 3603 939 3666 bis
961 3602 1093 3667 additis:
1123 3603 1150 3663 οἱ
1172 3602 1204 3663 δὲ
1225 3597 1342 3667 Αἰολεῖς

201 3707 234 3768 τὸ
260 3705 426 3790 πρόσωπον.
454 3705 506 3770 Et.
534 3705 577 3768 M.
607 3705 653 3770 ait
682 3705 769 3791 ῥόθος
797 3706 847 3770 vel
874 3707 981 3792 ῥεῦθος
1010 3703 1131 3768 aeolice
1160 3702 1222 3766 dici
1258 3702 1279 3765 i.
1308 3721 1340 3792 q·

201 3807 358 3892 πρόσωπον
380 3809 400 3892 ἢ
424 3809 585 3892 προσώπου
608 3809 755 3893 ἐρύθημα.
800 3807 853 3894 (V.
873 3806 997 3892 ἔρευθος
1012 3805 1117 3869 Riithe
1135 3804 1235 3868 rubor
1251 3803 1341 3876 cert,

200 3907 252 3972 Et.
280 3909 407 3994 5252).
452 3909 479 3973 Ε
506 3909 677 3976 Philemeis
704 3910 780 3978 Lex.
809 3909 893 3974 ined.
921 3907 997 3974 Vill.
1020 3913 1151 3990 praeter
1174 3906 1240 3971 alia
1262 3907 1342 3970 haec

198 4007 311 4075 affert:
340 4011 440 4096 ῥέθοςε
463 4012 571 4096 κυρίως
593 4014 626 4074 τὸ
649 4010 806 4096 πρόσωπον
831 4059 838 4074 .
864 4061 871 4075 .
896 4060 903 4075 .
926 4013 1168 4096 καταχρηστικῶς
1190 4009 1224 4072 δὲ
1246 4009 1342 4072 πάντα

304 4165 332 4225 *)
343 4161 441 4216 Versio
461 4163 631 4217 Villoiscnis.

304 4248 347 4311 ”j
358 4261 380 4299 a
397 4263 422 4300 ν.
441 4245 514 4318 [leta
532 4250 593 4311 696,
610 4250 653 4305 49.
