3098 4874
303 373 344 434 64

258 581 270 620 ι
291 558 363 620 495.
408 554 513 620 Aliam
534 553 696 618 notionem
719 552 844 618 lexicon
866 553 987 618 omisit:
1010 553 1109 618 schol.
1132 551 1157 616 Θ
1181 555 1243 616 513
1265 554 1285 636 ἡ
1309 553 1335 614 δ.
1360 551 1385 615 ό.

260 657 408 744 βέλος-
432 693 471 704 -
494 656 526 718 τδ
549 659 653 740 τρῶμα
675 654 841 739 ὁμωνύμως
862 656 903 740 τῷ
926 657 1118 740 τιτρώσκοντι.
1302 729 1304 732 ¹

363 773 608 861 βεβολημένος
630 774 729 856 ὥσπερ
753 773 786 835 ἐκ
808 773 899 858 βολῆς
921 774 973 857 τὴν
996 774 1096 859 ψυχὴν
1119 770 1332 855 πεπληγμένος.
1357 766 1389 834 ct

259 879 443 963 βεβλήατο
472 875 647 963 βεβλημένοι
669 875 725 938 εἰσί
743 910 785 922 -
808 911 859 936 -.
906 873 1029 939 Glossis
1052 873 1178 938 duobus
1199 893 1299 936 unum
1321 891 1388 936 res·

260 979 381 1062 pondet
413 978 513 1042 schol.
541 976 583 1040 ad
611 976 627 1039 I
655 979 684 1054 3,
712 996 730 1040 e
757 995 818 1058 qvo
847 980 994 1057 apparet,
1023 996 1094 1040 cum
1125 974 1307 1040 Zenodotus
1329 973 1390 1038 has

260 1082 341 1146 duas
362 1099 456 1144 voces
478 1080 562 1142 inter
583 1097 618 1142 se
640 1076 845 1155 confudisset,
858 1077 1080 1142 Aristarchum
1093 1091 1203 1141 aarum
1219 1074 1390 1140 discrimen

260 1182 374 1246 fecisse
396 1179 490 1256 idem,
513 1178 597 1260 qvod
619 1177 716 1242 etiam
738 1177 986 1260 lexicographus
1007 1178 1061 1242 hic
1071 1177 1234 1260 proponit.
1270 1175 1328 1252 Qvi
1343 1181 1392 1241 ta·

262 1303 334 1346 men
367 1280 513 1363 magistri
545 1280 746 1356 sententiam,
777 1284 815 1343 ut
841 1279 932 1359 solet,
962 1279 1157 1357 brevissime,
1186 1277 1257 1343 aliis
1285 1277 1392 1343 verbis

261 1403 348 1461 usuc,
371 1382 479 1446 refert.
523 1379 687 1444 Articulus
709 1380 761 1444 Et.
783 1379 840 1443 Md
863 1382 902 1464 (s.
925 1381 957 1445 h.
980 1382 1025 1464 v.)
1048 1381 1090 1446 ad
1112 1379 1306 1445 scholiastae
1320 1399 1393 1444 sen·

223 1558 226 1564 ,
263 1485 396 1550 tentiam
418 1482 564 1564 proxime
586 1481 740 1547 accedere
761 1482 895 1546 videtur.

366 1603 450 1686 βοδς
471 1601 578 1685 ’κέρας
598 1601 665 1684 ἢτοι
686 1602 883 1684 περικείμενον
906 1607 943 1683 τῇ
967 1601 1055 1685 ὁρμιᾷ
1074 1587 1168 1685 κέρας’
1180 1601 1252 1683 όπὲρ
1268 1601 1300 1664 τδ
1316 1599 1393 1682 ἄγκι-

261 1726 358 1789 στρον,
380 1703 426 1765 ἵνα
451 1704 491 1787 μὴ
515 1703 674 1786 ἀποτρῶγη
698 1703 714 1764 ὁ
737 1702 823 1785 ἰχθὺς
846 1701 1041 1786 [addendum
1063 1706 1153 1784 pulc,
1174 1701 1258 1783 qvod
1273 1701 1396 1766 habent

263 1807 314 1869 Et.
337 1805 380 1868 M.
405 1810 436 1868 ct
457 1803 567 1882 schol,
590 1805 642 1887 τὴν
666 1804 793 1888 ὁρμιάν]
817 1801 886 1866 ἔνιοι
907 1805 940 1866 δὲ
954 1805 1006 1888 τὴν
1023 1805 1109 1888 τρίχα
1123 1803 1219 1888 κέρας.
1252 1803 1395 1868 Tertiam

264 1907 314 1972 his
342 1905 433 1970 addit
459 1905 726 1988 significationem
752 1906 804 1969 Et.
832 1905 875 1968 Μ.
904 1907 931 1968 οἱ
958 1907 1009 1990 μὲν
1031 1909 1148 1990 κυρίως.
1195 1903 1395 1988 Significatio

263 2009 330 2086 illa,
361 2028 455 2090 qvam
482 2007 620 2089 primam
648 2007 779 2072 exhibet
805 2007 911 2091 Apoll.
940 2014 972 2072 et
999 2007 1039 2072 de
1069 2027 1131 2090 qva
1153 2007 1320 2090 praedicat
1341 2006 1394 2070 Et.

264 2109 308 2174 M.
331 2109 448 2194 ἄμεινον
471 2111 504 2172 δὲ
525 2113 600 2172 νοεῖν
622 2109 753 2194 κεροίτιόν
777 2133 803 2172 τι
825 2111 1013 2194 προσκεῖσθαι
1034 2113 1106 2186 κτλ.,
1129 2109 1310 2173 Aristarchi
1324 2108 1395 2186 fuit,

265 2218 302 2276 ut
323 2212 428 2277 elucet
449 2233 467 2276 e
489 2211 587 2276 schol.
612 2211 654 2276 ad
677 2237 698 2296 μ
721 2214 782 2274 253
804 2210 892 2296 κέρας
913 2211 1085 2296 Ἀρίσταρχ.
1107 2211 1139 2274 τὸ
1156 2212 1286 2296 κεράτιον
1302 2211 1396 2295 συρίγ-

265 2335 326 2396 γιον
349 2315 365 2375 ὁ
389 2313 548 2376 ἐπιτιθέασι
570 2318 620 2376 etc
638 2332 770 2394 prorsus
785 2317 819 2376 ut
837 2312 899 2377 lsx.
915 2315 977 2396 Ap.
994 2312 1096 2377 Simili
1107 2313 1202 2378 modo
1218 2312 1284 2378 sch.
1301 2311 1326 2375 Ω
1343 2316 1394 2376 81.

266 2414 328 2498 (Of.
353 2415 436 2497 qvod
460 2413 597 2478 diximus
619 2413 678 2478 sub
701 2414 789 2498 κέρα
811 2412 961 2498 ciphos).

370 2532 457 2618 βόας
483 2531 573 2600 αόας
599 2531 650 2600 τὰς
676 2532 798 2600 ἀσπίδας
825 2531 903 2616 λέγει
929 2536 1081 2618 τροπικῶς,
1109 2532 1167 2596 οίπδ
1194 2537 1246 2595 τοῦ
1269 2532 1340 2596 όλου
1363 2533 1395 2596 τδ

268 2635 365 2718 μέρος.
411 2633 490 2698 Cum
518 2634 567 2698 his
596 2634 760 2716 conspirat
786 2635 838 2698 Et.
866 2635 909 2698 M.
939 2639 1011 2714 204,
1041 2637 1059 2697 5
1084 2636 1169 2720 βοῦνι
1192 2633 1331 2720 Δωρικῶς
1352 2632 1395 2718 (Ρ)

267 2740 320 2823 τὴν
343 2737 460 2813 ἀσπίδα,
483 2736 527 2800 ότι
549 2737 582 2800 ἐκ
604 2738 707 2822 βοείων
731 2737 791 2800 ἐστὶ
813 2739 976 2822 δερμάτων·
1000 2739 1214 2821 συνεκδοχικῶς
1235 2738 1267 2800 τδ
1291 2737 1392 2802 ὅπλον.

372 2859 439 2943 βῶν
469 2838 559 2940 (mim
587 2857 667 2942 βοῶν,
696 2879 724 2921 v.
753 2877 853 2939 supra
880 2857 931 2922 Et.
960 2856 1017 2936 M.)
1045 2857 1097 2940 τὴν
1126 2856 1243 2932 scena,
1266 2855 1298 2920 H
1322 2859 1395 2920 238.

268 2959 385 3022 Omnia
407 2958 448 3022 ab
471 2958 658 3023 Aristarcho
680 2958 827 3041 profecta
849 2978 928 3035 esse,
951 2957 1072 3022 indicat
1094 2957 1192 3022 schol.
1216 2957 1259 3024 ad
1275 2957 1307 3022 H
1325 2961 1397 3036 238,

268 3059 310 3126 ab
343 3060 395 3124 Et.
428 3059 471 3124 M.
504 3060 557 3124 vix
589 3061 669 3124 nihil
702 3061 898 3142 discrepans,
932 3065 965 3124 et
990 3060 1025 3124 M
1056 3063 1126 3124 105.
1160 3095 1199 3109 ·-
1228 3060 1396 3144 Didymus,

267 3163 429 3244 scriptura
452 3163 510 3248 βῶν
533 3157 663 3245 rejecta,
685 3161 799 3227 maluit
822 3164 865 3248 βῶ
889 3162 969 3248 (sch.
993 3162 1077 3228 adl.
1100 3162 1146 3240 1.).
1384 3179 1390 3190 ·

373 3281 502 3366 βροτός
519 3280 674 3366 ἄνθρωπος
690 3282 910 3351 ὑποπεπτωκὼς
924 3287 966 3368 τῷ
983 3281 1089 3368 βρότιρ,
1105 3283 1235 3348 τουτέστι
1249 3289 1290 3370 τῷ
1306 3283 1397 3368 φόνῳ.

270 3421 310 3432 -
338 3383 381 3447 Et
407 3383 517 3466 paullo
544 3387 633 3465 Post:
663 3383 901 3468 βροτολοιηός
928 3384 944 3445 ό
969 3380 1055 3468 Ἄρης
1082 3384 1098 3446 ό
1121 3384 1169 3448 διὰ
1191 3389 1243 3448 τοῦ
1266 3385 1399 3472 φονεόειν

268 3487 317 3548 τὸν
341 3483 464 3570 όλεθρον
488 3484 642 3570 ἐπιφέρων·
667 3484 770 3570 βρότος
791 3485 847 3570 γὰρ
870 3485 886 3548 ό
910 3485 1007 3570 φόνος.
1031 3488 1050 3571 ἢ
1074 3487 1090 3549 ό
1113 3486 1181 3556 τοὺς
1198 3488 1320 3573 βροτοὺς
1336 3487 1400 3551 δλο-

269 3587 396 3670 θρεόων.
440 3587 492 3650 Et.
515 3585 558 3650 M.
583 3587 645 3650 hoc
666 3586 822 3652 vocabulo
843 3586 989 3669 exemplo
1006 3587 1109 3666 docet,
1125 3595 1261 3654 accentu
1275 3593 1401 3656 mutato

269 3691 388 3756 mutari
409 3689 585 3753 notionem:
609 3688 794 3774 βροτολοιγός
816 3689 901 3752 enim
923 3709 992 3754 esse
1014 3691 1181 3776 tpicimir
1199 3691 1267 3760 τοὺς
1282 3690 1400 3776 ἄνδρας,

270 3829 312 3840 -
340 3829 382 3840 -
411 3790 594 3876 βροτόλοιγος
618 3795 724 3854 autem
748 3791 886 3876 παρέχειν
910 3790 1033 3878 ἔμφασιν
1056 3793 1101 3856 ότι
1122 3794 1219 3864 ποίδος
1241 3795 1310 3872 ἐστι,
1333 3795 1401 3878 qvi·

270 3892 330 3956 bus
357 3891 496 3956 conferri
524 3892 614 3973 jubet
635 3891 788 3976 λιδόβολυς
811 3898 843 3956 et
864 3894 1027 3979 λιθοβόλος.
1073 3895 1153 3960 Cum
1174 3895 1224 3962 his
1248 3917 1402 3980 compara

269 3993 368 4058 schol.
392 3993 436 4058 ad
458 3994 481 4056 Ξ
506 3999 534 4075 7;
557 3994 700 4059 videmus
721 3995 858 4077 utriqve,
881 4001 914 4061 et
935 3996 1040 4079 Apoll.
1065 4002 1097 4063 et
1111 3993 1309 4078 Aristarcho,
1326 4020 1400 4064 ean·

271 4094 343 4158 dem
375 4095 441 4160 fere
470 4095 632 4160 obversari
660 4095 897 4179 cogitationem,
924 4119 1001 4163 nam
1027 4098 1080 4163 hic
1107 4099 1265 4184 intellegit
1294 4101 1399 4187 βρότον

270 4217 339 4263 esse
362 4218 508 4264 cruorem
529 4198 666 4262 hominis
688 4199 857 4277 interfecti,
880 4199 935 4266 ille
956 4200 1223 4282 ipsamcaedem.
