3108 4870
314 333 354 393 98

271 519 351 600 ,sive
379 516 420 582 ab
446 516 516 598 ipso
544 517 696 600 magistro
724 519 896 601 conscripti
918 525 992 584 sunt
1013 519 1078 584 sive
1100 525 1228 602 postea“
1251 539 1271 584 a
1293 519 1388 583 disei-

269 621 353 704 pulis
374 621 416 686 ad
437 619 505 702 ejus
527 619 668 684 scholam
690 621 883 704 consignati“
907 622 955 709 (L.
978 623 1033 686 Ar.
1057 626 1111 704 22)
1132 623 1266 687 refertos
1288 621 1390 686 fuisse

270 723 458 788 doctissimis
488 727 520 786 et
540 722 715 787 utilissimis
737 723 1011 789 observationibus
1033 727 1245 809 (σημειώσεις),
1267 725 1308 789 ad
1330 745 1390 788 va-

268 827 317 890 ria
345 845 462 908 genera
488 825 715 908 spectantibus,
743 827 900 910 tuisseqve
926 829 959 892 iu
987 829 1026 892 iis
1049 834 1081 893 et
1101 828 1271 894 verborum
1292 849 1388 892 usum

269 934 300 994 et
327 928 451 993 dicendi
478 927 577 1011 genus
605 934 637 992 et
661 949 729 993 rem
756 931 997 1012 grammaticam
1025 936 1057 994 et
1078 931 1298 1013 antiquitatem
1319 929 1387 994 Ho-

267 1032 418 1095 mericam
441 1030 679 1112 diligentissime
701 1037 850 1096 tractata.
894 1031 953 1096 Oui
975 1033 1001 1097 si
1016 1033 1204 1116 Apollonius
1220 1054 1385 1115 compara·

266 1139 329 1211 tur,
349 1133 492 1216 jejunam
515 1153 591 1196 saue
613 1138 645 1197 et
667 1133 779 1198 exilem
802 1134 979 1199 doctrinam
1001 1135 1179 1217 profitetur.
1223 1135 1307 1200 Nam
1327 1155 1384 1200 uo·

265 1235 406 1300 tionibus
439 1234 664 1300 vocabulorum
691 1237 825 1319 cognitis
852 1237 1037 1320 plerumqve
1062 1259 1128 1302 nou
1154 1237 1257 1302 tendit
1283 1237 1383 1302 ultra:

265 1337 384 1402 nudam
406 1338 557 1420 proponit
579 1337 849 1420 significationem,
873 1339 968 1403 nullis
990 1339 1225 1403 commentariis
1247 1339 1389 1404 adorna-

264 1447 340 1506 tam.
389 1440 476 1517 Qvod
510 1441 608 1523 igitur
636 1440 729 1505 alteri
757 1447 805 1506 est
832 1441 1050 1524 adjumentum
1078 1446 1110 1506 et
1135 1441 1321 1520 subsidium,
1352 1441 1385 1506 id

263 1544 339 1607 huic
359 1543 559 1624 propositum
581 1547 613 1606 et
634 1541 715 1606 finis.

365 1645 473 1727 Neque
505 1650 612 1708 tamen
645 1644 833 1726 Apollonius
865 1644 990 1710 lexicon
1019 1645 1099 1710 adeo
1126 1647 1160 1710 in
1186 1645 1384 1711 vocabularii

263 1747 399 1812 formam
423 1747 528 1829 exigui
550 1752 581 1810 et
597 1747 699 1829 jejuni
721 1733 852 1830 redegit,
868 1755 905 1811 ut
919 1769 999 1830 qvae
1012 1749 1218 1814 Aristarchus
1233 1748 1273 1813 de
1287 1754 1384 1831 poete

265 1850 485 1933 cognoscendo
513 1848 658 1914 doctiora
685 1849 872 1928 tradiderat,
900 1871 1053 1934 nusquam
1081 1851 1115 1914 iu
1141 1851 1279 1915 medium
1306 1872 1385 1933 prc-

262 1956 369 2019 terret.
413 1953 514 2018 Immo
536 1951 643 2016 multis
664 1951 742 2016 locis
763 1951 948 2035 praeclaras
971 1953 1192 2018 adnotationes
1214 1952 1316 2032 affert,
1338 1954 1384 2018 ad

262 2056 357 2122 altius
379 2055 510 2120 Homeri
532 2053 670 2130 studium
692 2055 856 2120 tendentes
880 2061 912 2120 et
932 2057 1042 2120 Aristi
1063 2057 1212 2139 proprias
1226 2057 1384 2139 interpre-

261 2159 352 2225 tandi
373 2159 512 2222 rationes
535 2158 685 2221 servavit:
709 2157 800 2240 cujus
820 2159 944 2240 generis
961 2159 1055 2222 etiam
1072 2158 1167 2241 plura
1181 2159 1379 2236 haberemus,

261 2262 323 2326 uisi
355 2283 375 2326 a
406 2260 500 2325 lexici
532 2259 796 2342 epitomatoribus
827 2259 966 2343 plurima
993 2266 1098 2326 essent
1133 2267 1299 2326 contracta
1325 2267 1382 2326 aut

263 2365 390 2430 omuino
425 2363 551 2428 omissa.
584 2362 672 2428 Haeo
704 2363 803 2446 igitur
829 2363 962 2448 vestigia
989 2364 1152 2430 doctrinae
1179 2363 1385 2448 elegantioris

256 2469 325 2552 jam
346 2467 458 2551 paucis
480 2467 644 2548 attingam.

366 2575 393 2634 1.
437 2568 589 2632 Novimus
616 2569 837 2632 Aristarchum
863 2569 897 2632 iu
925 2569 1076 2633 contiuua
1101 2574 1216 2652 poetae
1243 2568 1385 2652 explica-

259 2675 346 2738 tione
374 2676 565 2754 occupatum
593 2675 677 2736 totos
703 2670 791 2736 locos
819 2691 913 2753 qvam
939 2671 1081 2755 singulas
1106 2692 1199 2736 voces
1222 2671 1385 2754 explicare

259 2776 419 2841 maluisse.
457 2775 566 2857 Neque
598 2773 681 2838 enim
714 2773 961 2856 significationes
992 2779 1158 2856 promptas
1191 2779 1224 2838 et
1249 2779 1386 2856 paratas

259 2879 399 2944 Homero
429 2877 591 2941 recusanti
623 2875 799 2958 ingerebat,
832 2875 889 2940 sed
921 2897 993 2941 cum
1021 2875 1061 2940 de
1086 2875 1226 2940 Homero
1254 2881 1382 2940 tantum

259 2981 365 3063 ipsum
394 2979 613 3056 consuluisset,
640 2979 715 3044 iude
742 2977 874 3061 singulis
896 2978 975 3044 locis
996 2978 1186 3060 vocibusque
1207 2977 1312 3042 lucem
1334 2977 1380 3042 al-

259 3082 392 3147 ferebat.
438 3081 613 3146 Continuus
634 3079 778 3144 locorum
800 3079 1027 3162 explicationes
1051 3081 1137 3164 apud
1153 3079 1258 3163 Apoll.
1275 3082 1310 3144 in
1320 3081 1383 3145 hoc

260 3185 336 3268 Cap.
361 3183 421 3249 sub
442 3183 493 3248 his
514 3203 599 3248 voco.
622 3183 742 3247 inveni:
765 3181 919 3268 ἄβρομοι
941 3183 986 3268 (N
1008 3187 1075 3268 41),
1098 3184 1306 3270 ἀγάννιφος,
1322 3185 1383 3266 ἀη-

257 3289 380 3373 ηελίην
404 3284 607 3370 (significatio
629 3284 751 3369 ἄγγελος
774 3306 791 3350 e
812 3285 836 3349 Δ
858 3290 920 3350 384
941 3307 1099 3369 perpenso
1119 3284 1282 3370 efficitur),
1299 3289 1383 3350 ἀκο·

258 3392 393 3475 στήσας
420 3391 547 3472 (seusus
574 3409 614 3452 ex
640 3387 710 3470 ipso
737 3387 878 3453 Homero
905 3387 1056 3476 elicitur),
1084 3389 1320 3475 ἀλφεσίβοιαι
1348 3391 1382 3475 (e

259 3475 439 3576 cognitione
452 3549 453 3552 ,
466 3490 663 3572 antiquitatis
690 3511 752 3555 vox
777 3490 1033 3575 iuterpretatur),
1060 3491 1272 3578 ἀμφίβααις,
1302 3491 1383 3556 ἀνέ-

257 3618 358 3680 σαιμι
387 3593 508 3679 (ἀνιείης
536 3593 552 3678 β
588 3594 647 3656 185
675 3613 715 3658 ex
736 3595 879 3676 seqventi
900 3615 993 3660 versu
1016 3593 1218 3676 explicatur),
1241 3595 1379 3680 ἀξύλῳ,

258 3701 366 3784 ἀπίης
393 3698 498 3782 γαίης
525 3695 719 3780 (explicatur
747 3715 807 3779 ope
834 3721 855 3760 π
884 3700 933 3775 17,
964 3699 1027 3781 18),
1051 3696 1201 3783 ἅρπυιαι
1223 3698 1265 3780 (Τ
1287 3699 1378 3781 400),

258 3801 407 3888 θυρεόν,
425 3799 587 3875 ἱππόται,
604 3800 833 3882 κασίγνητος,
849 3799 1031 3875 κελαινόν,
1046 3803 1199 3864 κώδειαν
1217 3803 1259 3884 (ν.
1276 3799 1377 3863 Ξ499

258 3903 461 3988 explicatus),
485 3901 684 3987 μέλπηθρα,
706 3899 878 3980 Μολίονε,
901 3903 1044 3988 oporice
1065 3902 1253 3988 πολέμοιο,
1273 3900 1377 3989 ὄψον,

257 4007 458 4092 πυλάρταο,
476 3999 564 4090 Ὕδή
588 4009 620 4070 et
636 3999 741 4090 Ὕλη,
765 4007 992 4093 ὑπερφίαλοι.
1036 4006 1074 4072 In
1096 4007 1145 4072 his
1167 4005 1377 4072 omnibusin·

256 4119 368 4194 tegrae
390 4114 534 4174 servatae
556 4115 630 4173 sunt
645 4110 823 4176 Aristarchi
839 4110 1084 4176 ohservationes.
1112 4111 1150 4174 Iu
1168 4112 1282 4176 ceteris
1297 4111 1375 4176 lexi-

258 4211 439 4297 cographus
459 4210 500 4274 ad
515 4211 742 4277 vocabulorum
757 4212 1003 4296 significationes
1017 4213 1104 4279 locos
1118 4213 1304 4279 Homericos
1319 4233 1375 4296 ap
