3098 4874
1220 364 1260 426 63

276 539 464 626 ἀστεμφές
486 541 625 627 ἀσφαλές,
648 543 867 626 ἀμετακίνητον.
891 580 933 590 -
955 543 1026 609 Ηοο
1047 545 1305 629 Aristarcheum;

135 638 138 644 ’
172 641 213 706 cf.
242 640 343 706 schol.
373 641 415 706 ad
444 641 467 706 Γ
491 645 563 707 219.
607 642 701 708 Unde
723 664 797 709 vero
821 644 918 709 ducta
940 645 1012 727 sint,
1036 667 1117 728 qvae
1139 649 1303 732 excipiunt

171 743 243 806 ὅθεν
266 743 315 806 καὶ
336 743 405 812 τοὺς
425 748 649 830 γερογνώμονατ
671 747 828 832 ἀστεμφεῖς
849 745 973 831 λέγομεν
996 751 1068 826 κτλ,
1089 751 1206 816 nescio.
1254 752 1301 817 Of.

168 844 222 911 Et.
245 845 301 926 Μ,
324 847 371 911 ita
392 867 503 912 vocem
526 847 660 912 ducens:
684 849 763 934 παρὰ
786 849 819 912 τὸ
841 849 968 936 στρέφω,
992 854 1120 937 στρεφής
1143 889 1183 900 -
1198 853 1304 939 ἀστρο-

169 951 231 1034 φής
252 984 294 998 -
317 949 447 1034 ἀστεφής
470 986 512 997 -
534 950 697 1035 ἀστεμφής.

275 1065 394 1151 ἀστέρ’
419 1067 596 1154 ὀπωρίντρ.
642 1068 721 1133 Cum
744 1067 805 1134 lex.
830 1071 980 1154 congruit
1001 1071 1067 1136 soh.
1090 1071 1118 1136 E
1142 1076 1171 1138 5.

275 1184 521 1271 ἀστυβοώτην.
567 1187 647 1250 Cum
674 1186 735 1252 lex.
758 1188 955 1254 adverbum
978 1195 1136 1256 consentit
1158 1193 1301 1262 Ariston.

168 1285 269 1351 schol.
293 1285 319 1349 a
342 1291 414 1352 701.

272 1403 371 1470 ἄττα.
416 1406 463 1471 Gt.
487 1407 553 1474 sch.
576 1407 670 1471 1607
687 1412 719 1472 et
734 1433 755 1471 π
770 1411 826 1487 31;
842 1407 893 1472 Et.
910 1408 953 1475 Μ.
972 1413 1043 1489 167,
1063 1414 1113 1475 32.
1137 1411 1184 1477 Cf.
1201 1417 1298 1481 etiam

167 1505 291 1584 τέττα,
313 1505 398 1572 infra
421 1506 505 1590 qvod
526 1507 654 1591 legitur.

271 1625 446 1710 αύέρνσαν
470 1627 511 1695 εἰς
532 1628 661 1691 τουπίσω
684 1627 829 1691 εἵλκυσαν.
874 1627 943 1694 Nec
963 1629 1059 1711 plura
1080 1631 1178 1698 habet
1199 1633 1296 1701 breve
1332 1689 1333 1692 ¹

162 1725 266 1790 schol.
295 1727 335 1793 ad
364 1727 388 1791 Θ
417 1731 489 1792 325.
533 1729 638 1812 Etym.
665 1728 708 1794 M.
732 1729 825 1815 αὐέρ.;
849 1730 890 1799 εἰς
912 1730 1040 1796 τούπίσω
1062 1733 1223 1799 ἀνέτλασαν
1245 1737 1297 1800 τὸν

165 1829 315 1912 τράχηλον
338 1833 390 1892 τού
412 1831 560 1915 θυομένου
583 1832 689 1916 ἱερείου
712 1868 754 1880 —-
776 1869 828 1894 —.

269 1948 455 2036 ἀφήτορος
483 1948 673 2020 ’Λπόλλωνος
700 1951 843 2015 ἐπίθετον.
866 1977 892 2014 κ.
917 1951 990 2016 ἔστιν
1013 1954 1209 2041 ὁμοφήτορος,
1234 1958 1295 2042 (ita

163 2049 248 2113 enim
276 2052 462 2118 auctoribus
484 2052 583 2118 schol.
607 2060 639 2117 et
659 2053 711 2118 Et.
733 2052 777 2117 M.
801 2053 1004 2118 scribendum
1027 2075 1087 2136 pro
1109 2057 1203 2121 lexici
1225 2061 1296 2143 ὁμο-

162 2153 310 2237 φορήτου)
340 2153 449 2238 ὁμοίως
476 2159 546 2218 πᾶσι
572 2154 807 2239 προφητεύοντος
833 2156 882 2217 καὶ
903 2155 943 2217 οὐ
963 2155 1039 2235 (hoc
1061 2156 1146 2221 addo
1169 2179 1218 2223 ex.
1240 2160 1291 2224 Et.

161 2252 222 2338 Μ.)
250 2255 443 2339 διακρίνοντος
469 2256 517 2318 τὸν
540 2255 676 2319 πλούσιον
698 2279 725 2318 κ.
749 2255 797 2318 τὸν
820 2255 940 2340 πένητα·
963 2257 983 2341 ἢ
1007 2257 1135 2337 τοξότου,
1158 2261 1216 2323 ἀπὸ
1239 2268 1293 2348 τῆς

162 2359 221 2417 τῶν
249 2357 342 2441 βελῶν
371 2357 514 2442 ἀφέσεως·
538 2359 565 2420 οἱ
588 2358 621 2420 δὲ
642 2359 867 2443 γλωσσογράφοι
889 2396 929 2406 -
952 2396 994 2406 -
1016 2359 1064 2422 τὸν
1087 2361 1216 2448 στροφέα
1238 2371 1293 2450 τῆς

159 2457 264 2542 θύρας.
308 2457 346 2523 Iu
374 2459 424 2524 his
450 2459 550 2526 verba
576 2480 596 2524 a
623 2461 673 2523 καὶ
700 2459 735 2523 ού
764 2461 857 2545 διακρ.
880 2481 979 2544 usque
1002 2461 1044 2526 ad
1066 2463 1186 2547 πένητα,
1209 2487 1291 2548 qvae

159 2561 257 2626 etiam
284 2561 317 2626 in
346 2561 468 2628 scholio
491 2561 715 2630 desiderantur
737 2561 779 2627 ad
801 2561 825 2626 Γ
848 2566 921 2642 404,
943 2563 1122 2630 Aristarchi
1145 2567 1198 2632 vix
1220 2589 1289 2634 esso

157 2667 303 2746 possunt.
348 2663 386 2728 In
412 2663 465 2728 Et.
493 2663 536 2728 M.
565 2669 676 2730 extant
702 2663 759 2730 illa
781 2664 922 2747 quidem:
950 2666 1060 2749 ὁμοίως
1086 2672 1155 2731 πᾶσι
1176 2693 1291 2756 προφη-

158 2767 281 2830 τεύοντα
313 2805 354 2814 -
383 2804 424 2816 --
453 2769 494 2853 τῷ
521 2789 554 2830 τε
581 2767 682 2850 πένητι
707 2791 734 2830 κ.
763 2769 805 2853 τῷ
833 2769 973 2853 πλουσίῳ.
1019 2767 1288 2858 Glossographos,

157 2887 237 2951 qvos
265 2867 362 2932 Arist.
391 2867 480 2951 dipla
505 2867 612 2950 posita
638 2868 893 2952 impugnaverat,
916 2867 1021 2950 Apoll.
1045 2889 1085 2934 ex
1107 2870 1288 2938 Aristarchi

157 2969 387 3034 commentario
419 2969 567 3054 cognorit
598 2990 664 3034 una
696 2990 769 3035 oum
801 2969 897 3052 hujus
930 2969 1154 3052 explicatione,
1192 2995 1287 3058 qvam

156 3071 271 3136 ceteris
298 3069 458 3154 praefixit.
501 3071 591 3136 Haeo
612 3071 659 3136 ita
680 3091 749 3136 esse
770 3075 862 3154 patet
884 3090 901 3135 e
923 3069 980 3135 sol.
1004 3071 1046 3136 ad
1067 3071 1084 3135 Ι
1106 3077 1179 3138 404.
1224 3076 1286 3159 (cf.

156 3192 256 3256 supra
278 3174 466 3259 ἀκοστήσας).

260 3293 376 3360 αύτῶς
404 3328 445 3340 -
472 3329 514 3340 -
543 3292 674 3376 ματαίως
701 3289 728 3355 Β
757 3295 829 3371 342,
859 3325 901 3338 -
923 3329 964 3340 --
987 3293 1084 3362 αύτως
1106 3294 1215 3374 ,ούτως
1239 3300 1285 3382 μίν

154 3415 240 3480 φασιν
263 3395 394 3481 φαγέμεν
416 3418 442 3457 κ.
466 3393 567 3480 τιέμεν
590 3393 714 3462 ausser
757 3393 847 3460 Haec
871 3400 1025 3477 corrupta
1041 3415 1119 3476 esse,
1135 3398 1284 3465 manifes-

129 3499 221 3562 'tum
245 3503 303 3562 est.
349 3496 452 3576 Quare
473 3497 506 3560 in
528 3516 622 3562 versu
644 3493 739 3560 modo
761 3495 861 3561 allato
884 3498 919 3580 (τ
942 3499 1017 3580 143)
1041 3499 1135 3567 οὕτως
1150 3500 1184 3564 in
1199 3501 1285 3567 οὕτω

152 3599 358 3680 mutandum3
381 3598 465 3682 qvod
487 3605 594 3664 autem
617 3599 713 3668 αύτως
732 3619 791 3682 per
810 3599 909 3668 αύτως
925 3599 1082 3680 redditur,
1098 3603 1160 3688 hoo
1175 3623 1283 3668 emen·

152 3700 295 3766 dandum
322 3702 356 3765 in
383 3701 525 3770 ὡσαύτως
551 3701 600 3767 vel
622 3702 741 3786 ὁμοίως,
764 3723 844 3784 qvae
866 3701 1023 3784 praebent
1044 3703 1143 3768 schol.
1167 3709 1199 3768 et
1219 3705 1283 3771 He-

151 3803 240 3886 syoh.
284 3803 467 3886 Explicatio
495 3807 636 3868 ceterum
663 3803 882 3882 Aristarchea,
910 3804 950 3868 cf.
974 3803 1073 3870 schol.
1096 3804 1138 3868 ad
1160 3804 1185 3868 Σ
1209 3811 1281 3874 584.

152 3929 173 3968 π
198 3907 270 3970 143.

255 4008 361 4094 βέλος
382 4013 439 4073 πᾶν
461 4010 494 4072 τὸ
517 4008 588 4094 [ἀπὸ
612 4008 742 4094 μήκοθεν
765 4009 817 4076 Et.
841 4007 898 4092 M.]
922 4007 1112 4093 βαλλόμενον,
1132 4009 1185 4074 κᾶν
1200 4013 1284 4083 λίθος

151 4109 207 4193 εἴη.
253 4114 310 4190 ,ὡς
332 4112 381 4174 καί
401 4115 451 4174 νῦν
473 4111 612 4174 ττύντονδε
634 4111 708 4194 (pro
731 4114 884 4193 corrupto
906 4109 1021 4174 πόντοιο
1044 4111 1090 4197 δέ)
1109 4113 1206 4198 βαλὼν
1224 4123 1282 4164 ·-“

152 4235 160 4274 ι
187 4214 260 4276 495.
305 4213 442 4278 Prorsus
469 4212 581 4279 eadem
608 4212 707 4278 habet
734 4213 834 4278 schol.
863 4211 895 4276 M
924 4217 997 4294 458,
1025 4219 1057 4280 et
1083 4215 1132 4280 his
1161 4217 1279 4284 similia
