3098 4874
322 307 363 368 48

277 473 385 555 aliquo
423 473 616 558 &praestrepunt
651 473 672 537 i.
707 494 737 556 q.
753 475 786 558 *)
815 474 975 560 ’ποῦλομαα
1004 476 1160 560 κινοδμαι).
1208 475 1331 542 Deinde
1357 498 1397 544 ex

276 595 436 659 anonymo
459 575 546 640 fonte
568 574 648 659 (ἔνιοι
672 575 705 639 δέ
726 577 893 660 inscripto)
918 575 1070 641 disertam
1085 578 1242 662 prompsit
1258 579 1396 662 explica·

279 677 406 756 tionem,
429 678 513 743 unde
534 678 614 743 haec
636 684 787 761 excerpta
809 679 1003 744 adscribam:
1029 679 1268 765 ὑπερικταίνοντο
1292 719 1332 731 -—
1355 681 1397 748 ab

277 781 376 866 ἐριἜαι,
400 782 553 866 διασχίοαι,
577 781 700 846 collatis
723 782 805 868 ἤρικε
827 779 853 844 Ρ
877 785 938 845 295
962 770 993 846 et
1015 782 1136 868 ἐρεγμός
1152 785 1172 848 i.
1190 806 1221 868 q.
1240 784 1336 863 „faba
1352 785 1397 849 di·

276 883 398 949 scissa“
432 923 472 936 -
505 887 731 970 ὑπερεσχίοαντο
760 885 820 970 (sic
845 883 866 948 l.
895 887 1058 970 -οχισοντο)
1086 886 1160 950 κατὰ
1186 889 1239 973 τὴν
1268 889 1396 974 πορείαν·

279 989 415 1071 (‚,supra
441 988 570 1052 modum
592 986 796 1052 findebantur
817 989 850 1052 in
872 989 1017 1053 incessu“
1040 987 1129 1075 Vill.)
1153 1029 1193 1038 -
1215 1027 1258 1040 -
1279 1030 1321 1040 —
1343 997 1398 1056 ὡσ-

277 1092 361 1176 περεὶ
387 1090 508 1176 σχισμόν
538 1091 592 1171 (ὡς
620 1091 807 1176 περισχισμδν
836 1090 924 1175 Vill.)
947 1115 1009 1154 τινα
1031 1092 1198 1178 ποιούμενοι
1220 1097 1276 1157 τῶν
1299 1097 1396 1158 ποδῶν

275 1217 305 1255 ιι.
333 1217 358 1255 τ.
387 1196 414 1255 λ.
443 1230 481 1239 -
511 1192 591 1255 Tum
617 1191 825 1258 Heliodorum
852 1193 964 1257 laudat
991 1194 1055 1258 his:
1085 1197 1322 1260 ὑποκατεκλῶντο
1345 1197 1398 1260 οὐκ

278 1295 472 1372 εὐτονοῦντες,
495 1295 617 1359 incerta
639 1295 831 1380 etymologiis
854 1296 883 1382 (i
899 1297 1051 1382 ὑπ-ἐρικτ.)
1068 1335 1107 1345 -
1122 1297 1265 1382 Denique
1281 1319 1320 1363 ex
1335 1299 1398 1365 alio
1527 1363 1528 1382 ,

278 1397 366 1463 fonte
388 1418 545 1482 anonymo
568 1396 665 1481 (ἄλλοι
687 1399 732 1482 δὲ)
755 1399 836 1463 haec
858 1401 1108 1484 ὑπερ-ἱκταίνοντο,
1131 1402 1334 1486 ὑπεροινοῦντο
1352 1402 1398 1465 διὰ

275 1504 330 1587 τὴν
365 1501 540 1587 προθυμίαν.
584 1501 665 1565 Item
697 1501 748 1565 Et.
781 1501 825 1566 M.
859 1505 930 1565 779:
958 1504 1169 1589 δπερικνοδντο·
1199 1505 1225 1566 οἱ
1252 1505 1285 1568 δὲ
1311 1505 1399 1573 πόδες

278 1609 435 1670 διϊκνοῦντο
464 1603 511 1667 διὰ
537 1604 589 1687 τὴν
616 1603 712 1688 χαρὰν
741 1605 812 1688 ὑπὲρ
835 1605 867 1667 τδ
891 1605 994 1690 μέτρον
1017 1611 1069 1690 τῆς
1091 1607 1253 1692 δυνάμεως.
1276 1645 1319 1655 -
1340 1607 1397 1672 His

276 1705 545 1791 explicationibus
572 1706 633 1770 hae
661 1706 799 1770 eschol.
823 1706 928 1770 etEt.
951 1707 993 1770 M.
1017 1707 1092 1772 addi
1114 1715 1263 1792 possunt:
1287 1709 1397 1774 Crates

277 1810 378 1876 voluit
399 1809 650 1892 ὑπερικταίνοντο,
673 1807 745 1891 ἄγαν
769 1809 937 1887 ἐπάλλοντο,
961 1811 1213 1895 ὑπερεΕετείνοντο.
1236 1811 1397 1896 -Lysa-

277 1915 362 1979 nias:
391 1913 530 1996 δπερικτ,
558 1909 679 1996 ἔτρεμον
703 1913 810 1997 (etym.
833 1912 980 1996 incerta),
1004 1913 1069 2000 (Et.
1092 1913 1159 1990 M.>.
1182 1951 1225 1963 -
1246 1913 1397 1978 scholias-

276 2023 339 2082 tes:
369 2017 521 2100 ὑπερ-ινα,
550 2035 570 2078 a
597 2012 678 2100 ἴκταρ
705 2014 726 2078 i.
749 2035 780 2096 q.
804 2013 898 2098 ἐγγύς,
922 2015 1117 2101 παρέγινοντο.
1162 2016 1310 2081 Ceterum
1337 2017 1398 2082 hoc

277 2117 468 2184 vocabulum
482 2117 619 2181 maxime
637 2115 708 2180 ideo
725 2137 745 2180 a
761 2122 810 2180 tot
825 2118 1041 2200 grammaticis
1059 2122 1233 2183 tractatum
1244 2123 1301 2197 est,
1314 2117 1399 2202 qvod

276 2223 430 2304 optimam
452 2219 601 2303 praebuit
623 2239 733 2283 ansam
754 2219 797 2284 ad
816 2219 905 2284 illam
926 2219 964 2284 de
983 2221 1089 2284 media
1109 2221 1303 2303 aspiratione
1322 2220 1398 2294 doc-

277 2323 395 2388 trinam
417 2321 668 2405 proponendam.
713 2321 800 2407 (Vid.
824 2320 859 2385 L.
882 2323 938 2385 Ar.
962 2326 1021 2385 311
1046 2325 1120 2408 sq.)

381 2444 647 2527 ὑπεμνήμυκεν.
696 2441 840 2505 Priorem
878 2441 1005 2506 articuli
1036 2448 1160 2524 partem
1193 2441 1299 2524 Apoll.
1332 2443 1400 2508 Arzi

279 2545 526 2626 commentariis,
548 2544 740 2628 posterioem
762 2543 879 2626 Apioni
904 2543 1007 2608 debet.
1040 2545 1095 2608 Ar.
1113 2545 1187 2610 licet
1209 2566 1305 2628 saepe
1319 2545 1398 2610 mul·

276 2653 328 2714 tos
357 2649 506 2730 deinceps
533 2667 642 2711 versus
671 2646 846 2723 damnaret,
869 2667 933 2710 non
956 2651 1062 2712 tamen
1086 2669 1211 2730 semper
1231 2648 1397 2726 recusavit,

276 2753 352 2836 qvin
379 2752 413 2816 in
439 2751 567 2834 rejectis
589 2749 716 2832 singula
737 2748 894 2814 vocabula
916 2749 1100 2832 explicaret.
1145 2753 1192 2815 Ac
1213 2751 1325 2834 rejecit
1346 2751 1399 2814 ille

278 2856 404 2940 quidem
425 2853 457 2919 X
478 2857 657 2933 sss-499,
680 2852 764 2936 qvod
785 2858 854 2916 tota
874 2851 931 2916 illa
953 2853 1192 2918 Andromaches
1213 2853 1399 2920 lamentatio

278 2965 362 3024 esset
387 2957 550 3034 ἀδιάθετος,
579 2956 662 3022 male
690 2955 875 3038 composita,
905 2955 960 3018 sed
988 2955 1086 3020 verba
1107 2957 1201 3020 πάντα
1223 2955 1248 3018 δ’
1273 2957 1399 3042 ὑπεμνή-

278 3085 353 3146 μυκε
391 3060 587 3144 explanavit:
633 3060 648 3121 ὁ
680 3057 747 3144 Ἀρ.
790 3093 832 3106 -
871 3059 1118 3122 δποκατανένεοκε
1150 3060 1211 3144 (sic
1243 3059 1278 3122 L.
1313 3060 1399 3146 em.).

278 3163 345 3228 Sub
380 3163 530 3248 ἐμνήμοκε
562 3181 594 3244 p.
628 3163 667 3222 67
700 3161 762 3224 hcc
788 3159 906 3242 partim
933 3160 1101 3240 iterantur,
1130 3161 1246 3226 omisso
1274 3166 1400 3226 tantum

276 3263 345 3328 Arzi
372 3263 513 3344 nomine3
548 3281 628 3344 qvae
656 3260 729 3324 fort.
760 3265 835 3325 sunt
860 3259 1062 3343 interpolata.
1090 3299 1133 3308 -
1159 3261 1239 3344 Tum
1267 3262 1400 3344 Apionis

276 3366 435 3432 accedunt
464 3365 559 3430 haec:
588 3363 758 3448 δπομέμοκε
785 3387 811 3426 κ.
839 3364 930 3425 κλαίει
956 3387 983 3425 κ.
1013 3386 1038 3426 τ.
1065 3367 1092 3426 λ.
1121 3363 1200 3428 Cum
1228 3363 1399 3446 Apollonio

277 3469 396 3553 partim
422 3467 579 3534 consentit
604 3467 670 3531 sch.
698 3464 729 3530 X
757 3469 828 3529 491:
856 3465 1054 3551 καταμέμοκε.
1076 3467 1297 3550 κατεστύγναοε,
1319 3467 1399 3530 καίτοι

277 3572 387 3658 βλέπει.
416 3572 432 3636 ὁ
455 3571 487 3634 δὲ
508 3569 574 3655 Ἀρ.
598 3607 639 3618 -
661 3607 703 3617 —-
725 3567 927 3632 κατανένεοκε.
956 3569 994 3634 V.
1018 3569 1064 3634 cf.
1086 3570 1137 3634 Et.
1160 3570 1203 3636 M.
1226 3570 1343 3648 ,πάντα
1374 3569 1400 3634 δ’

276 3677 380 3760 δπεμν.
424 3673 512 3738 Ιλιαδ.
540 3695 571 3757 χ.
603 3671 676 3736 ἔστιν
705 3671 793 3758 ἠμΰιο
821 3671 854 3736 τδ
881 3671 1013 3734 ἐπικλίνω
1041 3696 1067 3735 κ.
1090 3674 1271 3748 καταπίπτω,
1294 3709 1336 3719 -
1357 3705 1399 3718 -

276 3779 404 3863 ἤμοκα
431 3815 471 3824 -
493 3815 535 3826 -
558 3777 574 3839 ὁ
598 3774 729 3842 Ἀττικὸς
750 3777 961 3860 παρακείμενος
983 3774 1151 3860 ἐμήμοκα
1173 3799 1198 3838 κ.
1222 3777 1397 3860 πλεονασμῷ

278 3885 330 3944 τοῦ
357 3903 371 3943 ν
401 3881 560 3966 ἐμνήμιικε.
605 3879 668 3944 Per
702 3898 781 3960 qvas
815 3877 1001 3944 affectiones
1031 3882 1110 3960 puto
1137 3878 1248 3942 Anum
1277 3896 1400 3960 qvoqve

381 4103 409 4169 *l
422 4101 547 4156 Perverse
572 4101 657 4170 igitur
684 4101 796 4156 Villoiso
819 4099 897 4154 lexici
919 4099 1054 4154 ἐπάλλοντο
1077 4100 1158 4155 vertit
1179 4100 1398 4169 „subsiliebaut“,

277 4190 355 4259 qussi
372 4188 416 4242 hic
433 4187 465 4242 de
483 4187 591 4257 ἅλλομαι
608 4187 777 4258 cogitandum
795 4188 872 4240 esset.
