3098 4874
1205 364 1246 429 35

170 589 211 602 -
237 587 289 628 -‚
320 548 453 634 λέγοντες
486 547 530 612 ὅτι
562 547 619 632 οὐχ
652 547 668 611 ὁ
701 547 784 612 θέλει
816 548 832 611 ὁ
865 551 988 634 ποιητὴς
1018 549 1105 632 λέγει·
1133 549 1209 636 ἕρμα
1234 553 1289 638 γὰρ

169 655 338 740 Ὀμηρικῶς
359 652 393 716 τό
415 650 511 736 ἔρυμα
532 675 559 714 κ.
582 653 716 736 κώλυμα.
760 651 812 715 Et.
834 650 877 715 M.
902 655 974 731 375,
993 656 1034 717 34
1049 653 1125 739 ἕρμα
1140 656 1213 740 -ἢ
1231 655 1290 720 dub

166 762 219 822 τοῦ
246 756 342 842 ἔρυμα
366 755 443 819 κατὰ
470 756 626 840 ουγκοπήν,
653 755 673 839 ἢ
703 754 732 817 ἀ.
761 777 787 817 τ.
810 752 940 839 ἔρεισμα.
985 754 1073 820 Curt.
1095 759 1108 800 ⁵
1131 761 1192 822 347
1215 759 1290 844 ἕρμα

166 859 335 943 conjungit
356 879 428 923 oum
452 858 539 943 ὁρμή,
562 858 682 943 ἀφορμή
707 893 748 905 -
770 895 812 904 -
835 856 940 941 „Qvell
963 857 1020 922 der
1041 856 1259 925 Schmerzen.'’

270 960 394 1048 ἑρμῖν’.
438 960 515 1044 Ipsa
547 960 616 1024 Ar:i
654 959 753 1024 verba
786 980 804 1024 e
837 960 1066 1025 commentario
1097 958 1289 1028 afferuntur:

168 1067 303 1151 ,ἑρμῖνας
330 1064 451 1128 ἐκαλοον
479 1063 546 1131 τοὺς
574 1061 666 1131 πόδας
693 1066 750 1125 τῶν
771 1065 886 1137 κλινῶν,
908 1061 989 1126 οὗτοι
1009 1063 1042 1126 δὲ
1063 1062 1137 1148 ἦσαν
1160 1084 1291 1150 σφηνοει·

169 1172 229 1238 δεῖς
259 1171 295 1252 τῇ
328 1170 526 1251 rapuerant!
576 1165 603 1230 E
636 1164 749 1248 qvibus
780 1165 867 1230 haud
895 1165 961 1230 scio
993 1186 1034 1230 an
1066 1165 1204 1250 glossam
1237 1189 1290 1233 sx-

170 1278 311 1355 cerptam
338 1271 489 1354 lexicogr.
517 1269 654 1352 primam
681 1269 839 1351 posuerit:
872 1269 930 1332 ἀπδ
958 1274 1009 1332 τοῦ
1038 1270 1208 1354 &pertentor
1236 1273 1289 1338 cit.

167 1382 188 1462 ψ
212 1378 281 1438 198.
304 1394 375 1459 opp.
398 1375 432 1437 δὲ
452 1375 515 1437 καί
536 1372 624 1457 (sici)
648 1371 724 1436 πόδα
745 1373 852 1455 κλίνης.
897 1371 1090 1455 Qvamqvam
1108 1375 1203 1439 etiam
1224 1397 1291 1441 ma-

166 1477 215 1560 gis
242 1477 323 1541 hacc
350 1476 554 1541 consentiunt
581 1495 654 1539 cum
681 1474 748 1538 sch.
776 1481 797 1560 ψ
828 1477 903 1538 198:
926 1475 1024 1558 κλίνης
1045 1477 1192 1560 ποδάριον·
1215 1477 1292 1562 ἕρμα

166 1579 223 1663 γάρ
247 1578 307 1642 ἐστι
326 1583 380 1662 τῆς
400 1580 446 1640 κλ.
490 1577 562 1641 Alia
583 1576 644 1641 luit
665 1575 760 1642 lectio
783 1577 814 1640 h.
837 1576 858 1640 l.
878 1573 988 1662 Ἑρμῆν
1011 1578 1151 1663 ἀσκήσας,
1174 1579 1213 1644 de
1230 1602 1292 1663 qva

169 1679 356 1745 scholiastes
383 1684 513 1761 praeter
539 1679 603 1744 alia
630 1679 713 1743 haec
735 1685 905 1744 memorat:
934 1679 1024 1762 „qvia
1045 1679 1221 1746 Mercurius
1244 1703 1291 1748 es-

170 1788 220 1848 sct
250 1783 461 1867 ὀνειροπομπος
487 1786 519 1846 ot
547 1781 688 1846 cubitum
715 1780 793 1844 ituri
819 1801 892 1846 eum
918 1787 1080 1864 tamquam
1108 1785 1210 1848 somni
1238 1806 1291 1850 cu·

168 1885 292 1951 stodem
315 1890 455 1960 orarent,
478 1883 633 1966 imagines
656 1883 724 1965 ejus
745 1885 779 1946 in
801 1883 960 1948 cubilibus
982 1886 1080 1950 stetui
1102 1891 1134 1950 et
1149 1886 1223 1951 lecti
1237 1909 1292 1970 pe-

168 1989 223 2054 des
249 1989 283 2052 in
313 1988 382 2070 ejus
403 1985 642 2052 similitudinem
665 1985 789 2068 diffingi
810 1985 921 2052 solitos
943 2007 1011 2051 esse
1034 1992 1093 2072 etc.
1117 1991 1151 2073 „t
1170 1990 1203 2052 δὲ
1219 1991 1292 2054 ἱστο-

168 2093 216 2178 ρία
242 2091 321 2177 παρὰ
350 2088 570 2176 Ἀπολλοδώρῳ
598 2091 639 2175 τῷ
668 2086 792 2171 Ἀθην.“
820 2089 866 2173 (in
896 2089 1009 2171 fragm.
1031 2089 1103 2155 libr.
1126 2093 1291 2176 trepidetis

167 2193 329 2278 Diodori).
376 2193 461 2271 Qvae
481 2193 557 2258 licet
578 2191 738 2258 subtiliter
759 2191 824 2255 sint
846 2191 1017 2274 disputata,
1040 2193 1163 2276 majore
1184 2200 1292 2260 tamen

77 2369 79 2372 ¹
169 2297 373 2379 simplicitate
395 2303 427 2362 et
447 2296 629 2361 sinceritate
650 2295 719 2358 Ani
740 2294 897 2358 sententia
918 2315 952 2358 se
975 2295 1184 2362 commendat.

273 2399 323 2464 Ad
350 2407 547 2467 armaturam
572 2397 734 2481 pertinent
756 2400 857 2481 ζῶμα
879 2401 911 2462 et
934 2399 1091 2483 ζωοτήρ;
1115 2399 1154 2464 da
1180 2399 1293 2483 quibus

172 2501 245 2584 qvid
275 2503 330 2567 Ar.
359 2502 545 2580 observarit,
572 2501 715 2584 qvamvis
741 2500 869 2566 nomine
897 2499 966 2584 ejus
988 2501 1145 2583 apposito,
1168 2502 1292 2568 lexicon

169 2605 400 2688 propemodum
422 2605 571 2688 ignorare
592 2603 728 2668 videtur.
771 2603 897 2668 Etenim
922 2623 940 2668 e
961 2603 1072 2668 scholi.
1096 2605 1223 2670 disertis
1240 2627 1292 2671 oo-

169 2707 344 2791 gnovimus,
366 2707 455 2772 illum
478 2727 572 2790 qvam
595 2704 836 2789 diligentissime
852 2706 935 2770 inter
952 2725 986 2770 so
1006 2705 1188 2772 distinxisse
1206 2711 1292 2793 ζῶμα

168 2814 201 2872 ot
227 2813 353 2895 ζῶστρρ.
397 2809 509 2892 Itaqve
538 2845 576 2856 -
604 2813 678 2872 utor
707 2807 790 2871 enim
812 2806 936 2871 Lehrsii
960 2805 1074 2885 verbis,
1097 2809 1150 2890 qvi
1172 2809 1292 2874 haece

167 2912 296 2978 scholiis
319 2912 448 2996 collegit
470 2919 502 2977 st
522 2911 704 2989 illustravit,
720 2948 763 2959 -
777 2914 879 2994 ῃζῶμα
896 2914 944 2973 est
963 2909 1123 2992 cingulum
1141 2914 1294 2976 aeneum“

169 3013 254 3098 (boo,
290 3015 374 3098 qvod
406 3015 516 3093 sciam,
548 3013 636 3078 nullo
664 3013 785 3079 scholio
814 3012 1030 3091 confirmatur,
1060 3033 1158 3096 qvcre
1184 3015 1293 3098 potius

169 3117 303 3182 dixerim
326 3139 360 3198 „e
381 3117 469 3182 corio
491 3116 680 3195 confectum,
704 3115 840 3180 lamellis
861 3115 912 3180 vel
934 3117 1072 3199 squamis
1095 3117 1201 3183 aeneis
1219 3139 1293 3184 oon-

169 3225 318 3284 tcctum.“
350 3220 390 3286 cf.
417 3222 478 3302 Ap.
512 3219 574 3284 lex.
603 3223 754 3304 στρεπτοῖο
783 3241 841 3303 χιτ.
871 3256 913 3266 -
940 3257 983 3268 —-
1008 3217 1108 3305 Αριατ.
1136 3225 1189 3284 τοῦ
1215 3225 1292 3285 λεπι·

168 3323 264 3386 διοτοῦ
281 3359 322 3371 -
340 3360 381 3370 -
399 3327 431 3387 et
449 3321 550 3386 Seiler
567 3321 639 3387 Wb.
651 3319 682 3385 h.
700 3323 743 3406 ν.)
761 3321 864 3404 „intra
881 3321 1000 3388 loricae
1017 3343 1135 3387 aeneae
1151 3321 1294 3403 affixum,

168 3445 189 3489 a
215 3431 326 3492 ventre
354 3425 396 3490 ad
423 3445 529 3508 genua
551 3425 724 3507 pertinens.
767 3424 941 3507 Etpasto,
964 3445 1026 3506 qva
1048 3425 1109 3490 hoo
1131 3425 1291 3509 cingulum

167 3526 300 3593 loricam
333 3528 446 3611 tangit,
476 3527 617 3610 dupplex
643 3545 698 3592 sss
725 3526 775 3591 vel
802 3525 944 3609 dupplex
970 3527 1072 3592 lorica
1093 3534 1151 3607 est,
1175 3531 1295 3598 διπλοῦς

167 3631 277 3716 θώρηξ.
322 3630 464 3714 Deniqve
486 3629 569 3713 qvod
589 3629 668 3694 illud
688 3628 859 3712 cingulum,
878 3629 961 3712 qvod
977 3629 1117 3696 Homero
1134 3639 1182 3695 est
1197 3636 1293 3715 ζῶμα,

167 3753 244 3816 pars
276 3732 396 3798 loricas
428 3737 486 3811 ost,
520 3733 621 3797 utitur
654 3733 750 3798 etiam
784 3732 939 3798 vocabulo
968 3736 1053 3818 ζῶμα
1079 3753 1139 3814 pro
1162 3732 1292 3798 lorica.”

168 3833 257 3900 Haec
287 3835 334 3900 ita
361 3855 430 3902 esse
457 3833 580 3900 scholia
607 3835 819 3918 comprobant
846 3835 888 3900 ad
916 3831 945 3898 K
973 3839 1024 3898 77.
1067 3834 1091 3897 Δ
1120 3839 1191 3913 133,
1222 3841 1291 3902 187.

168 3935 193 4000 Υ
220 3941 291 4002 415.
315 3937 370 4002 all.
414 3938 529 4022 (Lehrs
552 3940 606 4002 Ar.
633 3942 689 4001 121
716 3939 779 4020 sq.)
804 3937 883 4015 Qvid
905 3957 980 4001 voro
1004 3937 1045 4001 ad
1067 3938 1147 4003 haec
1169 3939 1294 4023 Apoll?

167 4038 293 4125 Exigua
314 4061 390 4124 pars
412 4041 468 4106 Ar.
492 4040 722 4106 observationis
744 4040 791 4104 illi
813 4040 975 4119 remansit,
998 4045 1030 4105 et
1051 4062 1091 4106 ne
1114 4063 1152 4108 ea
1167 4043 1292 4126 qvidem

89 4141 101 4170 ’
167 4141 370 4226 incorrupta:
393 4147 478 4230 ζῶμα
502 4144 534 4208 δὲ
555 4144 614 4206 καὶ
637 4143 680 4226 (Ρ)
704 4141 791 4210 αὐτὸς
813 4142 829 4204 ὁ
852 4141 951 4228 θώραξ
973 4143 1047 4208 κατὰ
1065 4141 1143 4230 Ἀρ,
1161 4146 1295 4232 ἀντιφρά-

168 4249 225 4318 (ou
249 4247 312 4331 (sic
333 4247 448 4331 Lehrs)
471 4249 526 4332 γάρ
549 4266 621 4332 φησι
642 4245 705 4329 „tut
728 4245 779 4330 μὲν
802 4243 838 4331 ἄρ
862 4249 1012 4333 ζωστῆρος
1035 4247 1161 4334 ἐλήλατο
1189 4284 1230 4296 -·-
1255 4285 1295 4297 --
