3108 4870
299 315 360 378 120

255 501 279 564 Ζ
309 503 369 564 128
397 501 479 566 κατά.
508 499 538 564 Η
564 504 623 564 198
646 499 770 585 ἀϊδρείη.
793 499 823 563 Η
846 503 906 564 336
929 498 1051 584 ἄκριτον.
1075 498 1184 564 8405
1208 497 1372 583 ἀπαλθήσε·

254 604 334 667 oller.
357 603 373 667 I
396 607 458 668 214
480 603 547 667 ἅλα.
570 604 586 669 I
609 607 671 668 324
694 603 812 688 μάσταξ.
835 603 913 668 1700
936 604 1063 689 ἀγη’νωρ.
1086 603 1119 666 Μ
1138 605 1199 669 283
1215 606 1372 666 λωτειῖντα.

254 705 285 768 Ν
315 709 373 770 103
402 707 462 792 ἤϊα.
490 706 518 770 N
549 710 609 770 115
636 707 804 792 ἀκεώμεθα.
833 707 946 770 11449
968 707 1061 790 γόνος.
1084 706 1112 770 N
1136 708 1197 769 570
1219 705 1372 790 σχόμενος·

256 807 280 872 Ξ
310 812 366 872 181
397 813 485 894 ζώνη.
515 811 542 874 Ο
570 815 610 873 82
640 810 791 895 μενοινόωι
818 808 846 874 ll
876 814 936 874 379
966 809 1227 896 ἀνακυμβαλίαζον.
1255 807 1281 871 ll
1310 811 1372 871 638

256 912 343 997 βοῶν.
374 911 398 976 Σ
431 918 493 978 477
521 913 682 999 ραιστῆρα.
711 913 735 976 Σ
764 915 825 976 506
853 914 1013 999 ἀμοιβαδίς.
1044 913 1074 976 Ψ
1104 914 1163 976 135
1192 911 1371 975 καταείνυον.

256 1015 419 1086 ζ8εῖσεν.
444 1041 465 1100 μ
487 1019 547 1080 209
571 1015 650 1080 εἴλει.
674 1055 714 1066 -

357 1119 375 1201 §
398 1122 427 1182 4.
471 1118 712 1202 Nonnumquam
747 1118 788 1184 ab
814 1118 1000 1184 Aristarcho
1027 1117 1214 1202 Apollonius
1240 1137 1278 1182 co
1306 1137 1373 1181 ma-

256 1221 340 1285 xime
368 1219 483 1299 differt,
511 1221 594 1304 qvod
616 1242 727 1287 vocum
751 1221 974 1287 sinificationes
996 1221 1137 1304 qvamvis
1158 1219 1284 1285 easdem
1306 1218 1374 1284 fere

257 1329 351 1406 atqve
382 1323 464 1389 alter
495 1331 664 1408 proponat,
692 1347 755 1390 non
782 1330 899 1403 tamen,
927 1330 963 1389 ut
988 1324 1042 1389 ille
1069 1323 1202 1402 solebat,
1229 1323 1374 1388 locorum

257 1447 351 1492 sensu
373 1432 405 1492 et
427 1447 510 1493 nexu
532 1428 759 1494 sententiarum
781 1449 882 1511 neqve
904 1449 962 1493 usn
985 1426 1154 1492 Homerico
1176 1425 1374 1492 observando

260 1535 291 1596 et
313 1531 533 1609 examinando,
556 1531 611 1596 sed
635 1551 745 1597 vocum
768 1530 943 1615 originibus
965 1528 1153 1614 indagandis
1176 1549 1295 1610 eruere,
1318 1535 1376 1594 aot

258 1633 370 1700 saltem
399 1633 645 1719 significationes
668 1634 708 1699 ab
730 1634 916 1699 Aristarcho
938 1639 1087 1716 acceptas
1109 1631 1286 1698 rationibus
1308 1637 1375 1716 sty-

257 1736 431 1820 mologicis,
453 1739 549 1801 immo
571 1737 698 1819 ineptiis
720 1745 752 1802 11
773 1737 907 1820 argutiis
929 1736 1117 1802 confirmare
1133 1741 1166 1800 et
1181 1735 1293 1800 fulcire
1309 1741 1376 1800 stu·

259 1839 321 1904 det.
366 1841 468 1923 Atqve
494 1861 566 1905 cum
588 1841 656 1924 jam
684 1840 717 1903 in
738 1838 887 1923 Hesychii
909 1839 955 1924 (h.
978 1859 1004 1903 1.
1027 1838 1229 1922 Diogeniani)
1251 1837 1375 1921 glossis,

260 1941 301 2006 ab
329 1941 498 2024 Apollonio
524 1943 642 2026 petitis,
669 1963 766 2025 saepe
791 1941 901 2007 eadem
930 1941 1139 2027 etymologica
1165 1942 1377 2024 reperiantur,

259 2046 339 2110 haec
366 2067 429 2111 non
457 2067 525 2114 esse
546 2046 739 2130 interpolata
760 2045 817 2111 sed
839 2046 880 2111 ad
903 2047 1039 2129 primam
1060 2045 1153 2110 lexici
1176 2044 1378 2128 compositio·

260 2170 332 2213 nem
359 2149 550 2231 pertinuisse
577 2149 652 2216 inde
680 2148 822 2232 colligas.
849 2187 890 2198 -
913 2151 955 2232 (v.
979 2150 1056 2232 Gap.
1078 2148 1111 2212 II
1133 2150 1238 2233 extr.).
1282 2147 1377 2231 Ejus-

261 2250 443 2317 modi‘sunt
465 2253 554 2319 haec.

363 2355 542 2439 ἀμαθύνει
563 2356 677 2442 ἄμαθον
701 2359 837 2421 ποιεῖ-
859 2356 1005 2441 κονιορτόν
1027 2355 1213 2418 ἀποτελεῖ-
1231 2353 1307 2419 item
1322 2355 1381 2419 Ar.

263 2457 303 2522 of.
326 2458 393 2522 sch.
416 2459 432 2523 l
454 2463 516 2526 593
539 2499 579 2510 -
600 2462 657 2524 ἀπὸ
673 2465 724 2524 τοῦ
740 2461 855 2546 ἀμαθον
872 2460 944 2524 εἶναι
958 2460 1167 2543 ἀνεπίγνωστον
1182 2465 1219 2542 τῇ
1236 2458 1386 2543 ποσότητι.

262 2560 441 2627 Novissima
476 2583 494 2628 e
521 2564 733 2629 recentiorum
761 2583 845 2646 penu
872 2562 1107 2646 profluxerunt3
1135 2561 1246 2628 cadem
1273 2562 1310 2626 E.
1337 2560 1382 2626 M.

263 2663 426 2730 Methodio
451 2670 582 2732 auctore
604 2663 699 2732 affert
720 2667 765 2750 (h.
788 2668 842 2750 1.).
865 2705 905 2716 -·-
928 2666 1100 2746 ἄπαστος,
1122 2665 1290 2752 &pueros
1334 2665 1384 2730 De

263 2769 434 2836 Homerica
468 2770 572 2855 signif.
606 2793 634 2834 v.
663 2771 698 2834 L.
727 2771 781 2835 Ar,
813 2774 882 2834 131.
911 2770 977 2836 sch.
1005 2770 1078 2834 Did.
1107 2770 1123 2833 1
1152 2774 1222 2833 222.
1268 2769 1382 2834 Athen.

263 2873 279 2937 Ι
306 2878 358 2954 43;
386 2874 425 2939 (11
454 2873 645 2959 etymologia
672 2874 709 2939 Ε.
737 2873 780 2939 Μ.
809 2874 839 2939 h.
868 2896 896 2939 v.
919 2911 960 2922 -
981 2871 1252 2959 Ἀργειφόντης.
1276 2872 1384 2938 variae

265 2975 415 3060 etymoll.:
439 2978 455 3040 ὁ
477 2978 565 3062 ἀργὸς
587 2977 678 3063 φόνου
701 3017 741 3028 -
763 2981 914 3064 καταργῶν
938 2979 1004 3046 τοὺς
1026 2977 1133 3062 φόνους
1154 3013 1195 3025 -
1208 2973 1317 3061 Ἀργον
1332 2997 1384 3061 ρο-

263 3083 366 3163 γεῦσαι
397 3083 458 3144 κτλ.
491 3083 534 3145 Α1
559 3082 763 3147 Aristarchus
790 3081 890 3147 voluit
916 3081 996 3166 παρὰ
1023 3081 1055 3144 τὸ
1082 3081 1210 3165 ἐναργεῖς
1236 3078 1287 3148 τὰς
1314 3101 1385 3164 ραν·

264 3183 364 3252 τασῖας
390 3187 478 3247 ποιεῖν
506 3183 653 3268 (Cramer
681 3185 798 3250 Anecd.
827 3185 907 3270 Pari
928 3185 973 3250 IV
998 3189 1067 3262 179,
1091 3184 1156 3268 29).
1201 3183 1247 3248 Cf.
1271 3181 1383 3248 Smidt.

265 3285 338 3349 Did.
365 3285 492 3370 Fragm.
522 3288 594 3353 337.
617 3286 654 3350 Ε.
677 3286 720 3351 Μ.
747 3291 816 3366 137,
844 3292 868 3351 l.
891 3325 933 3338 -
955 3286 1001 3374 ἄψ
1024 3286 1065 3352 ab
1088 3287 1189 3350 ὀπίσω.
1212 3285 1252 3350 of.
1275 3285 1385 3350 sch-cr

266 3393 328 3453 276
350 3389 378 3452 Β
401 3387 499 3474 (τότις,
522 3387 571 3477 όψ,
593 3389 659 3476 ἄψ).
683 3412 723 3456 1.
746 3391 834 3456 Ourt.
856 3391 907 3455 Et.
932 3393 1002 3454 263.
1024 3427 1067 3438 -
1088 3389 1206 3473 γέντο,
1222 3387 1326 3472 ἔλαβεν
1342 3386 1385 3452 ab

265 3491 390 3576 ἐγένετο.
419 3492 456 3556 Ε.
484 3491 527 3555 Μ.
550 3493 592 3557 ab
614 3493 698 3558 ἕλετο
720 3493 787 3558 ἕλτο
808 3493 900 3577 γέντο.
944 3493 987 3556 At
1008 3494 1062 3556 Ar.
1085 3493 1118 3556 ἐκ
1139 3498 1196 3556 τῶν
1219 3495 1385 3578 συμφραζο-

267 3595 361 3680 μένων
384 3595 468 3660 hanc
489 3596 650 3662 notionem
673 3598 800 3662 invenit.
824 3597 889 3662 sch.
914 3595 938 3660 8
962 3601 1011 3660 43.
1035 3633 1076 3644 --
1099 3595 1229 3682 δόρπον
1254 3633 1291 3642 -
1308 3598 1384 3659 δεῖπ-

265 3723 313 3763 νον
342 3721 362 3766 a
389 3699 546 3786 δαόορπον,
575 3699 641 3786 μεθ’
670 3700 686 3764 ὃ
715 3701 762 3763 ἐπὶ
788 3701 819 3762 τὸ
842 3699 938 3764 auten
962 3700 1096 3785 ἕρπομεν.
1142 3699 1191 3764 Ad
1213 3700 1297 3764 hanc
1319 3705 1385 3783 ety-

267 3802 351 3881 mol,
374 3824 454 3886 qvae
475 3825 539 3868 non
562 3809 611 3868 est
631 3803 819 3868 Aristiarchi
841 3823 941 3886 neqve
964 3803 1049 3886 apud
1070 3802 1144 3868 Hes.
1168 3808 1265 3881 extat,
1287 3801 1323 3866 E.
1340 3801 1384 3865 Μ.

267 3905 412 3972 adnotat:
447 3907 540 3976 οὕτως
566 3905 669 3991 Ὦρος.
714 3905 774 3971 Hic
808 3906 890 3971 enim
917 3927 997 3990 opus
1023 3907 1151 3989 scripsit
1178 3908 1243 3991 περὶ
1270 3905 1384 3970 παθῶν.

268 4010 310 4092 (1.
334 4007 496 4074 Ritschelii
528 4011 575 4074 De
602 4009 667 4074 Oro
696 4015 727 4074 et
749 4009 867 4074 Orione
888 4011 906 4094 ξ
929 4013 979 4074 24.
1003 4009 1153 4094 61-66).
1197 4009 1244 4074 of.
1273 4008 1385 4074 scholl.

268 4113 379 4176 1429.
403 4112 428 4174 Λ
451 4115 521 4176 730.
545 4113 562 4196 β
586 4115 625 4176 20
647 4112 681 4176 L.
706 4113 759 4175 Ar.
784 4117 854 4176 127.
877 4151 918 4160 -
941 4111 1047 4198 ἔγχος
1068 4113 1180 4175 -ἀπὸ
1195 4117 1247 4175 τοῦ
1263 4113 1293 4175 ἐν
1308 4115 1387 4196 χειρὶ

269 4213 349 4278 εἶναι.
393 4213 474 4278 Item
501 4213 577 4279 Hes.
604 4215 652 4280 De
678 4216 753 4280 Amo
781 4238 809 4280 v.
837 4216 903 4282 sch.
931 4215 961 4280 H
990 4217 1061 4296 255,
1090 4219 1160 4281 273.
1184 4253 1226 4264 --
1248 4214 1387 4302 εὔληρα
