3098 4874
1222 322 1262 380 25

177 503 330 572 obtulisse
358 504 551 587 excerpendi
578 509 610 569 et
639 504 829 568 decurtandi
858 507 1068 572 occasionem.
1112 503 1180 570 Hos
1208 503 1307 586 igitur

175 605 269 672 lexici
291 607 520 688 epitomatores
542 605 737 687 praecipuos
760 606 902 687 putarim
914 609 955 691 ²⁸).

278 727 321 788 At
349 746 429 803 „non
457 725 559 788 solum
583 730 784 788 contractum
806 725 849 789 ad
870 745 930 790 nos
952 727 1097 807 pervenit
1117 726 1179 789 lex.
1202 724 1307 808 Apol,

175 827 232 890 sed
266 826 381 908 glossis
414 825 543 890 aliunde
568 827 700 890 intrusis
728 833 760 891 et
787 826 872 890 mele
898 827 1027 892 insertis
1054 847 1224 909 perperam
1252 847 1308 890 au·

176 933 290 991 ctum.“
318 927 369 992 Ita
392 927 556 1006 Villoison,
575 929 629 1010 qvi
651 949 749 992 manu
767 929 945 994 recentiore
962 929 1004 994 ad
1020 929 1198 1011 marginem
1214 927 1308 991 lcxici

176 1030 328 1112 apposita
349 1030 429 1094 vidit
450 1031 560 1109 multa,
583 1031 722 1096 maxime
745 1030 912 1114 ejusmodi,
936 1053 1017 1113 qvae
1040 1031 1234 1096 christianae
1256 1051 1308 1094 ac·

177 1131 254 1194 tatis
277 1137 309 1194 et
330 1132 444 1195 mentis
466 1139 581 1198 essent.
616 1133 807 1215 (Prolegom.
824 1132 1072 1216 XXVII—XL).
1108 1132 1309 1214 interpolata

177 1231 264 1322 haud
285 1253 391 1314 pauca
413 1234 510 1298 etiam
532 1233 652 1298 Tollius
675 1234 736 1298 sibi
758 1235 844 1298 visus
867 1241 916 1300 est
938 1235 1147 1316 investigasse
1160 1235 1219 1316 **).
1251 1235 1308 1295 At-

176 1353 236 1413 qvc
263 1333 305 1398 ab
332 1333 504 1415 Apollonio
533 1335 664 1416 ejusque
691 1341 798 1399 aetate
826 1336 931 1400 aliena
958 1337 1121 1418 permulta
1148 1337 1182 1398 in
1204 1334 1308 1398 lexico

175 1436 311 1499 inveniri
338 1457 530 1517 persuasum
557 1437 635 1500 mihi
664 1437 790 1518 quidem
818 1443 876 1515 est,
905 1439 961 1502 scd
989 1438 1030 1502 sd
1054 1459 1092 1501 ea
1113 1436 1310 1502 recensenda

176 1557 237 1600 nec
263 1543 391 1619 tempus
418 1559 478 1602 nec
506 1539 590 1602 vires
617 1538 695 1602 mihi
721 1560 807 1603 nunc
834 1546 1018 1621 suppetunt.
1069 1537 1139 1602 Hoc
1172 1536 1310 1602 sufficiet

178 1639 349 1718 monuisse,
383 1639 452 1722 ejus
486 1642 611 1722 generis
646 1661 713 1705 essc
750 1664 778 1706 v.
814 1663 840 1706 c.
876 1663 978 1724 nugas
1012 1640 1241 1725 etymologicas
1279 1648 1311 1704 et

178 1741 318 1821 ineptias
357 1742 594 1823 grammaticas,
628 1744 786 1824 imprimis
818 1744 998 1808 litterarum
1031 1742 1217 1808 affectiones
1230 1743 1309 1824 ***),

179 1863 259 1922 qvae
284 1842 481 1926 Byzantinae
510 1844 676 1909 doctrinae
704 1867 783 1927 prae
811 1867 845 1910 se
869 1846 977 1910 ferunt
1005 1847 1097 1929 signa
1125 1851 1158 1910 et
1180 1845 1309 1922 indicia,

92 1981 94 1988 ·
177 1943 285 2026 qualia
307 1945 423 2027 ubiqvc
445 1946 478 2008 in
501 1945 605 2029 Etym.
629 1946 693 2011 M:0
717 1953 749 2011 et
763 1947 873 2012 lexicis
889 1948 961 2030 ‘ejus
985 1949 1101 2012 aetatis
1117 1947 1211 2011 obvia
1226 1953 1309 2011 sunt.

281 2065 329 2126 Ac
357 2063 485 2128 demum
502 2085 655 2146 quaerere
669 2086 849 2147 possumus,
866 2066 1024 2148 quomodo
1041 2072 1072 2129 et
1088 2065 1214 2147 qvando
1230 2065 1310 2128 hacc

179 2165 338 2230 elementa
360 2173 427 2230 tam
456 2167 599 2248 disparia
626 2174 691 2231 tam
719 2169 810 2232 varia
838 2172 870 2230 ct
892 2167 1018 2230 diversa
1040 2168 1073 2230 in
1095 2188 1195 2229 unum
1217 2165 1310 2228 lexici

179 2267 342 2331 Homerici
370 2289 487 2350 corpus
516 2270 667 2353 conjungi
693 2270 744 2334 vel
771 2271 879 2351 potius
907 2270 1037 2352 congeri
1066 2273 1097 2332 et
1126 2269 1310 2332 coacervari

180 2369 352 2449 potuerint.
398 2369 486 2446 Qvod
509 2391 698 2453 quamquam
721 2393 785 2436 non
808 2376 856 2435 est
879 2372 941 2434 mei
960 2371 1083 2453 judicii,
1107 2377 1215 2434 temen
1239 2391 1309 2434 cum

181 2469 289 2534 omnia
310 2471 415 2536 lexiea
436 2472 567 2554 antiqva
590 2473 700 2538 eadem
724 2473 791 2538 lere
813 2473 882 2537 feta
904 2473 1069 2550 subierint,
1092 2473 1199 2536 videre
1217 2472 1310 2553 juva-

283 2711 307 2774 *l
322 2707 361 2762 cf.
385 2709 413 2762 Ο.
436 2709 465 2764 F.
488 2710 587 2763 Renkii
609 2710 703 2764 verba:
730 2709 833 2776 „Quum
856 2711 925 2763 enim
948 2714 1070 2777 tempore
1094 2712 1190 2774 essent,
1215 2707 1311 2775 qvibus

180 2793 324 2860 grandiora
347 2811 427 2862 opera
450 2794 636 2863 displicebant,
659 2795 772 2863 librique
794 2796 904 2848 minoris
928 2795 1005 2847 molis
1028 2791 1206 2859 acceptissimi
1225 2797 1311 2858 erant,

182 2879 343 2946 excerpendo
365 2881 444 2934 multi
466 2881 564 2933 merita
585 2880 638 2934 sibi
656 2882 813 2934 contrahere
830 2880 988 2942 studebant;
1007 2893 1091 2946 neqve
1109 2879 1252 2944 propterea
1270 2892 1311 2929 re-

182 2963 356 3032 prehensione
378 2965 453 3033 digni
476 2968 551 3028 sunt,
574 2965 619 3032 qvi
642 2981 694 3019 nen
718 2966 854 3018 hominum
878 2963 1036 3017 discordiam
1059 2961 1184 3030 adjuvare
1207 2961 1254 3015 scd
1271 2962 1309 3014 le·

182 3048 301 3114 gentium
324 3050 508 3103 commoditati
529 3066 680 3104 succurrere
699 3054 726 3103 et
744 3050 899 3103 omittendis
918 3049 1048 3111 omnibus,
1068 3064 1134 3116 qvae
1152 3065 1206 3100 non
1224 3063 1313 3101 neces-

183 3133 254 3186 saria
275 3138 359 3198 erant,
383 3135 465 3188 libros
490 3135 524 3188 ad
546 3151 622 3190 usum
640 3136 725 3188 multo
744 3136 860 3202 aptiores
878 3134 988 3188 reddere
1007 3133 1223 3202 concupiverunt.
1260 3132 1312 3186 Sed

181 3217 232 3270 hoc
249 3217 340 3272 labore
358 3235 405 3272 suo
423 3235 503 3288 saepe
520 3220 563 3272 vel
581 3219 660 3272 inviti
678 3219 829 3281 effecerunt,
847 3222 878 3272 ut
895 3219 1038 3287 grandiora
1056 3219 1105 3271 illa
1117 3217 1254 3272 volumina
1269 3233 1313 3270 ne·

181 3303 347 3372 gligerentur
364 3309 392 3358 et
409 3305 552 3372 perirent.“
589 3311 623 3368 (o.
642 3321 663 3357 c.
682 3321 708 3373 p.
726 3307 764 3372 5).

284 3408 326 3469 **)
338 3407 449 3474 „negari
466 3407 585 3474 profecto
598 3423 650 3460 non
663 3409 760 3474 potest,
773 3407 859 3460 inesse
872 3407 915 3459 his
929 3405 1026 3474 glossis
1041 3421 1108 3474 qvae
1123 3407 1238 3458 aetatem
1252 3420 1312 3473 pro-

182 3489 250 3544 dunt
271 3492 402 3559 Angusto,
425 3492 505 3544 immo
528 3491 635 3545 Tiberio
659 3495 686 3545 et
704 3490 818 3545 Claudio
836 3491 1042 3560 imperatoribus
1060 3491 1241 3553 recentiorem,
1260 3489 1314 3541 lor·

182 3591 238 3628 mas
264 3575 405 3630 verborum
432 3576 532 3629 lstinss
558 3577 662 3644 graecis
688 3580 786 3630 temere
809 3579 906 3630 mixtas
928 3577 1053 3647 (καράβιο,
1077 3576 1202 3646 spirator,
1224 3573 1314 3642 προιῖδοι

182 3664 243 3726 etc),
265 3691 298 3700 -
321 3691 354 3700 -
383 3661 553 3729 apertissima
576 3693 609 3704 -
633 3691 664 3702 -
688 3662 904 3730 interpolationis
928 3663 1054 3717 indicia“
1089 3658 1226 3728 Ejusmodi
1251 3673 1313 3708 enn-

183 3749 269 3798 merat
286 3746 316 3799 T.
334 3752 360 3809 a)
379 3762 395 3798 e
414 3747 496 3800 lexico
515 3747 654 3800 Homerico
674 3748 762 3801 aliena
780 3749 864 3818 ἅβαλε,
884 3747 990 3816 ἀβλαβές
1013 3749 1073 3810 ete),
1093 3743 1166 3796 varie
1188 3741 1314 3794 mutilata

183 3831 323 3899 (εἴσκοντες,
338 3825 470 3902 Ὄλυμπος
489 3837 548 3899 eto),
568 3849 635 3901 qvae
654 3835 852 3902 compilatorem
872 3835 989 3899 arguunt
1006 3827 1234 3895 imperitissimum
1247 3825 1313 3895 (Els-

182 3934 240 3983 τιες,
257 3917 413 3987 παλαιφάτου
431 3921 494 3988 etc),
513 3919 686 3986 grammatico
705 3919 817 3986 indigna
835 3918 876 3970 bis
892 3915 1008 3982 repetita
1025 3913 1178 3982 (δειδήμονες
1195 3916 1256 3981 etc),
1275 3913 1315 3966 in-

181 4005 224 4055 ter
241 4019 270 4056 se
287 4005 437 4071 pugnantia
456 4004 588 4071 (ἐίσκοντες
606 4003 724 4071 stiores,
742 4004 833 4074 εἰρερον
851 4001 938 4070 ἴρερον)
960 4003 988 4052 et
1005 3999 1060 4052 slis
1078 4000 1172 4054 multa.

285 4107 342 4170 ml
358 4103 522 4174 Qvamqvam
534 4105 590 4173 jem
604 4105 734 4172 Didymus
749 4102 906 4171 opusculum
919 4102 973 4170 περὶ
981 4099 1071 4154 παθῶν
1081 4101 1197 4169 scripsit,
1209 4100 1315 4154 sHero-

182 4189 263 4244 diano
285 4194 380 4258 postea
397 4190 585 4244 commentario
604 4190 763 4244 instructum
781 4205 805 4243 r.
823 4188 860 4241 M.
880 4186 1002 4242 Schmidt
1019 4187 1081 4240 Did.
1099 4187 1193 4256 fragm.
1212 4202 1238 4254 p.
1256 4186 1315 4241 343.
