3098 4874
243 343 284 404 14

199 547 271 590 cum
296 523 454 606 discipuli,
478 523 510 586 in
533 527 630 605 poeta
652 522 842 606 explicando
865 523 1014 605 occupati
1035 522 1192 606 iidemque
1209 521 1327 588 doctri-

195 648 272 693 nam
299 627 444 710 magistri
474 645 550 690 ase
578 625 749 690 adauctam
778 630 810 690 et
838 623 1067 706 locupletatam
1089 626 1122 688 in
1145 645 1236 689 suam
1258 645 1326 690 rem
1393 675 1395 679 .

196 734 428 806 convertentes,
451 729 556 811 ipsum
578 727 748 810 paullatim
769 727 803 790 in
826 725 1018 790 oblivionem
1041 726 1246 792 adducerent.
1281 727 1327 792 Ut

196 833 279 898 enim
307 830 381 895 libri
409 830 518 912 qvales
546 829 636 894 fuere
663 828 824 893 Ammonii
846 829 912 912 περὶ
934 833 987 912 τῆς
1009 829 1226 912 ἐπεκδοθείσης,
1248 829 1325 914 Try-

196 933 313 1016 phonis
341 933 409 1016 περὶ
437 936 489 1015 τῆς
512 931 637 1014 ἀρχαίας
659 929 862 1012 ἀναγνώσεως,
885 929 1013 1012 Didymi
1036 951 1117 1012 epus
1140 932 1192 994 cit.
1216 931 1268 995 all.
1291 930 1325 994 id

195 1034 378 1112 effecerunt,
401 1038 438 1096 ut
460 1037 582 1098 veteres
604 1031 679 1096 illae
702 1037 735 1095 et
755 1031 936 1113 superiores
952 1031 1117 1109 Zenodoti,
1135 1033 1325 1114 Aristopha-

193 1138 254 1215 nis,
282 1134 462 1198 Aristarchi
491 1133 657 1210 editiones,
685 1133 802 1214 quippe
831 1153 909 1214 qvas
937 1153 1001 1196 non
1020 1132 1089 1215 jam
1113 1133 1326 1198 disiderarent

193 1237 347 1313 homines,
369 1234 538 1318 paullatim
561 1233 719 1300 oblivione
742 1233 876 1298 obrutae
898 1234 1054 1317 perirent;
1077 1235 1124 1300 ita
1140 1256 1212 1299 cum
1227 1235 1325 1318 longa

193 1339 292 1403 series
319 1357 475 1402 novorum
498 1335 800 1400 commentariorum
824 1341 897 1400 orta
920 1342 1013 1414 esset,
1035 1336 1215 1400 Aristarchi
1238 1357 1323 1401 eom-

193 1439 358 1504 mentariis
386 1437 481 1502 facile
509 1436 663 1502 carebant
690 1442 723 1500 et
749 1437 782 1500 hi
811 1457 934 1519 qvoqve
955 1437 1123 1519 paullatim
1146 1436 1323 1502 oblitterati

192 1527 366 1623 p'erierunt.
410 1539 541 1603 Diutius
563 1539 700 1602 fortasse
721 1558 868 1602 mansere
885 1539 907 1601 ii
926 1539 1156 1617 commentarii,
1173 1541 1242 1622 „qvi
1258 1560 1323 1604 non

192 1641 234 1706 ab
262 1643 332 1724 ipso
360 1641 515 1722 magistro
544 1640 664 1721 scripti,
688 1639 745 1702 sed
773 1639 814 1702 ad
843 1640 911 1722 ejus
939 1640 1066 1705 scholas
1093 1641 1134 1706 ab
1158 1641 1323 1724 discipulis

193 1743 370 1825 consignati
395 1747 514 1806 erant.“
559 1740 622 1804 Sed
643 1740 677 1803 hi
698 1739 886 1824 plerumque
898 1741 1019 1806 nullam
1036 1741 1195 1824 integram
1213 1743 1322 1824 genui-

191 1865 305 1908 namve
332 1843 478 1926 magistri
508 1842 673 1906 doctrinae
699 1841 871 1924 imaginem
894 1842 1086 1906 referebant.
1132 1841 1235 1918 Quare
1256 1864 1321 1908 non

191 1951 240 2010 est
266 1945 392 2022 mirum,
421 1943 447 2007 si
471 1943 540 2025 jam
567 1943 741 2007 Aristonici
769 1948 801 2006 et
826 1943 989 2025 Apollonii
1015 1943 1222 2024 temporibus,
1246 1944 1321 2026 qvid

190 2047 397 2110 Aristarchus
426 2045 464 2108 de
493 2043 625 2126 singulis
654 2045 733 2108 locis
762 2050 794 2109 et
820 2044 951 2109 vocibus
979 2043 1178 2126 explicandis
1205 2047 1320 2111 sensis-

191 2153 248 2226 set,
272 2147 364 2211 multi
386 2146 590 2230 ignorabant,
615 2146 816 2211 doctissimus
839 2146 969 2228 qvisqve
992 2146 1133 2212 studiose
1156 2149 1320 2232 perqvire-

189 2249 301 2333 bat*).

291 2349 401 2430 Neqve
422 2346 603 2430 Apollonio,
627 2367 699 2410 cum
722 2347 796 2429 qvid
818 2348 1007 2413 Aristarcho
1030 2348 1070 2414 de
1091 2349 1224 2434 singulis
1240 2349 1319 2415 locis

190 2455 222 2514 et
248 2449 378 2514 vocibus
401 2447 651 2530 interpretandis
674 2447 859 2530 placuisset,
882 2449 1075 2530 exploraret,
1099 2451 1164 2513 alia
1185 2451 1246 2512 fuit
1267 2451 1318 2514 via

188 2551 398 2634 ingredienda
424 2555 518 2633 atqve
545 2550 736 2614 Aristonico.
781 2549 899 2612 Omnes
922 2553 951 2612 ei
973 2550 1112 2612 adeundi
1134 2556 1226 2614 erant
1248 2550 1318 2614 fon-

188 2659 237 2718 tes
270 2653 356 2716 illius
389 2652 563 2727 doetrinae,
591 2671 650 2715 nec
677 2650 779 2714 solum
807 2649 834 2713 si
863 2650 915 2732 qvi
944 2651 1041 2714 etiam
1067 2656 1136 2714 tum
1164 2651 1318 2717 extabant

188 2754 368 2818 Aristarchi
391 2753 621 2829 commentarii,
645 2751 700 2816 sed
724 2752 821 2816 etiam
839 2752 866 2815 si
884 2752 936 2834 qvi
952 2753 1233 2818 Aristarcheorum
1249 2775 1317 2820 ma·

188 2856 280 2938 gistri
302 2855 496 2920 exhibebant
518 2855 701 2940 sententias.

290 2957 407 3034 Quodsi
425 2957 494 3040 jam
516 2976 575 3038 per
597 2977 631 3020 se
653 2965 901 3020 consentaneum
925 2961 1059 3020 estnon
1081 2956 1185 3021 solum
1207 2979 1247 3023 ex
1268 2959 1316 3041 ip-

187 3059 230 3123 sis
257 3059 436 3122 Aristarchi
464 3055 624 3138 operibus,
652 3056 709 3120 sed
736 3055 833 3120 etiam
860 3077 900 3121 ex
921 3058 1152 3124 recentioribus
1174 3059 1316 3125 fontibus

186 3160 273 3226 illius
307 3160 484 3224 doctrinam
517 3157 551 3220 in
583 3157 708 3222 lexicon
741 3160 990 3241 promanavisse,
1023 3161 1085 3227 hoo
1112 3163 1315 3226 manifestum

186 3262 233 3342 fit,
261 3263 356 3346 hujus
383 3259 527 3325 articulis
551 3258 734 3341 diligentius
758 3262 947 3327 examinatis
970 3268 1003 3326 et
1023 3265 1108 3326 inter
1130 3283 1164 3326 se
1186 3281 1314 3342 eompa-

185 3365 275 3429 ratis.
320 3363 362 3425 Hi
389 3362 473 3424 enim
496 3359 620 3424 ambitu
643 3368 675 3426 et
696 3365 802 3446 specie
825 3365 961 3428 multum
983 3365 1066 3428 inter
1089 3361 1312 3427 sedifferunt:

185 3487 258 3530 narn
283 3462 461 3526 Aristarchi
483 3461 721 3528 observationes
743 3465 838 3529 modo
862 3465 989 3529 disertis
1011 3464 1116 3528 verbis
1131 3463 1313 3529 elaboratas

186 3565 345 3642 exhibent,
374 3563 469 3628 modo
498 3567 564 3626 tam
589 3570 770 3630 contractas
794 3572 826 3630 et
847 3565 945 3630 exiles
968 3571 1024 3629 aut
1047 3565 1187 3632 deflexae
1210 3571 1313 3630 muta·

184 3674 306 3750 tasqve,
335 3666 387 3730 vix
408 3671 445 3729 ut
466 3665 601 3749 vestigia
623 3667 764 3732 auctoris
787 3669 961 3750 conspicua
982 3667 1059 3748 sint;
1082 3667 1177 3732 modo
1201 3667 1312 3732 eadem

184 3869 294 3925 rodiano
316 3870 398 3923 luisse
421 3869 586 3939 incognitam
607 3867 724 3922 Beccard
745 3871 834 3936 negat.
870 3866 922 3921 Sed
945 3867 1103 3923 Nicanorem
1126 3873 1209 3938 negat
1225 3871 1311 3940 ipsam

185 3954 295 4010 eandem
317 3954 496 4008 recensionem
518 3954 670 4022 inspexisse,
689 3953 850 4022 conjicitqve
869 3969 936 4022 eum,
955 3956 986 4007 ut
1003 3955 1154 4008 Aristarchi
1173 3971 1311 4025 cognosce·

184 4043 226 4096 ret
248 4038 383 4102 lectiones,
405 4039 513 4106 Didymi
535 4055 612 4092 usum
634 4055 690 4092 esse
712 4039 783 4093 libro
800 4040 916 4110 περὶτῆς
933 4040 988 4110 Ἀρ.
1008 4039 1094 4112 troph,
1111 4057 1173 4094 nem
1191 4057 1248 4094 esse
1265 4039 1310 4093 ubi

184 4127 258 4181 dicat
275 4125 309 4179 N.
328 4123 410 4181 οὕτως
428 4123 454 4176 δὲ
472 4123 612 4194 Ἀρίσταρχ.
631 4125 735 4196 ἔγραφεν
757 4155 790 4166 —-
808 4125 887 4184 -ώς
905 4125 1012 4194 Δίδυμος
1031 4133 1150 4197 μαρτυρεῖ
1166 4132 1204 4194 (p.
1224 4127 1276 4191 68).

287 4211 314 4278 *)
330 4208 370 4264 Ol.
388 4207 473 4262 Lehrs
491 4209 535 4262 Ar.
555 4212 595 4265 13.
630 4211 664 4264 22
682 4225 721 4278 sq.
