3108 4870
1188 302 1246 362 103

165 515 239 560 esse
266 515 399 574 errores,
426 496 535 578 utqui
557 495 589 558 in
611 493 650 557 iis
673 489 859 574 quaerendis
881 489 999 554 diutius
1026 489 1181 554 remorari
1203 485 1287 564 uelit,

166 619 242 663 eum
264 597 417 680 singulari
439 618 546 662 rerum
568 601 709 660 ueterum
731 614 839 660 amore
862 599 893 658 et
915 593 1020 657 studio
1042 592 1144 657 teneri
1160 611 1288 656 necesse

167 701 220 768 sit.
265 701 314 765 Ab
342 700 404 766 illis
432 701 514 766 euim
540 700 702 765 inuentum
730 717 798 762 esse
825 697 996 779 pessimum
1023 695 1109 759 istud
1137 694 1287 778 etymolo-

164 803 241 886 giae
263 824 372 884 genus,
394 802 478 886 quod
499 802 527 867 si
548 822 642 885 quam
663 800 768 865 auimo
791 799 975 881 conceperis
991 798 1127 881 speeiem
1145 796 1193 863 uel
1207 797 1288 861 noti-

166 925 262 970 onem
290 905 425 988 alicujus
452 905 509 983 rei,
537 925 606 970 eam
629 903 717 986 quasi
739 923 797 985 per
819 902 881 966 uim
903 901 972 966 uoci
993 901 1155 966 inculcare
1176 899 1226 964 uel
1248 920 1288 964 ex

167 1007 225 1072 illa
247 1008 361 1073 elicere
383 1008 500 1074 studes.
544 1007 619 1086 ,Die
643 1005 785 1088 Sprache
800 1004 860 1071 soll
874 1003 1051 1088 bestdtigeu
1066 1024 1130 1068 uuas
1144 1003 1201 1068 uuir
1215 1023 1287 1066 aus·

164 1109 331 1194 gekldgelt
361 1108 493 1174 haben.”
536 1109 647 1192 Itaque
673 1107 752 1172 fines
779 1107 951 1189 modosque
979 1127 1087 1172 omnes
1115 1105 1287 1170 excessisse

167 1211 375 1294 philosophos
399 1211 522 1277 Stoicos
545 1217 577 1276 et
596 1212 635 1275 iis
658 1231 726 1275 esse
747 1211 823 1274 uitio
846 1209 1041 1288 uertendum,
1063 1207 1147 1292 qvod
1168 1214 1287 1292 etymo·

165 1314 255 1397 logia
276 1334 393 1396 graeca
414 1315 465 1379 uia
487 1313 619 1396 decepta
639 1314 672 1376 iu
695 1333 819 1378 errores
841 1318 873 1377 et
893 1313 1031 1394 ineptias
1053 1312 1167 1376 misere
1181 1312 1287 1376 ineur-

166 1417 256 1481 rerit.
301 1418 329 1480 A
356 1436 418 1498 qua
444 1415 573 1481 lieentia
600 1415 779 1492 immodica,
803 1415 855 1497 qui
876 1414 1089 1479 Alexandriae
1110 1413 1286 1489 floruerint,

168 1520 308 1584 illustres
331 1520 564 1602 grammaticos,
588 1519 728 1602 quamuis
748 1519 831 1582 vitiis
853 1517 982 1582 minime
1003 1522 1158 1593 carentes,
1180 1521 1287 1581 tamen

165 1622 340 1687 admodum
379 1621 578 1686 abstinuisse.
621 1621 784 1686 Hactenus
817 1621 952 1685 Curtius.
998 1619 1077 1696 Quid
1112 1639 1184 1685 uero
1216 1618 1287 1682 Ari-

167 1725 315 1788 starchus
344 1724 382 1788 de
409 1723 547 1790 utilitate
574 1724 783 1808 etymologiae
809 1724 952 1801 senserit,
976 1723 1002 1788 si
1025 1743 1167 1807 quaeras,
1189 1722 1287 1786 Lebr-

166 1827 234 1892 sius
256 1827 317 1892 hoo
339 1831 463 1892 tautum
486 1827 543 1892 ait:
568 1827 635 1912 (Ar.
658 1848 689 1909 p.
712 1827 746 1909 4)
770 1847 887 1910 ,nugas
910 1826 1134 1912 etymologicus
1155 1824 1289 1890 inueniri

166 1929 240 1994 illas
267 1929 392 2012 quidem
418 1929 451 1994 iu
479 1929 607 1994 scholiis
635 1930 850 2008 Aristoniceis,
879 1929 935 1993 sed
963 1929 1237 1994 excelleutissimis
1257 1932 1289 1992 et

165 2031 359 2098 doctissimis
387 2031 426 2096 de
453 2033 639 2114 antiquitate
665 2031 844 2109 Homerica,
873 2032 912 2096 de
941 2030 1109 2096 verborum
1131 2029 1288 2112 significa·

168 2137 265 2212 tione,
294 2135 333 2200 de
362 2135 503 2200 uersibus
531 2135 648 2216 spuriis
676 2134 948 2199 obseruationibus
970 2135 1016 2198 ita
1038 2131 1213 2210 obscurari,
1236 2133 1288 2196 uix

156 2223 208 2300 ‘ut
231 2242 437 2317 appareant;“
461 2244 492 2302 et
514 2237 560 2321 (p.
586 2239 660 2320 144)
685 2237 848 2319 „ascripsit
870 2235 1089 2320 etymologica,
1112 2256 1192 2318 quae
1207 2235 1289 2300 falsa

173 2337 223 2402 uel
250 2337 384 2404 ridicula
411 2339 460 2404 uel
488 2339 618 2404 nimium
644 2340 768 2404 incerta
795 2339 844 2404 uel
865 2339 898 2402 in
921 2339 1155 2404 commentariis
1178 2359 1287 2422 super-

173 2439 241 2504 flua
262 2459 328 2506 esse
342 2441 539 2521 rideantur;“
555 2462 742 2525 quamquam
758 2442 841 2506 idem
857 2448 964 2506 monet
979 2441 1059 2521 „alia
1076 2442 1172 2506 etiam
1186 2441 1288 2506 multa

172 2542 303 2608 inueniri
329 2550 415 2610 recte
437 2544 605 2610 obseruata
628 2552 659 2610 et
680 2566 719 2610 ex
740 2545 917 2628 propinquo
940 2551 1092 2628 sumpta.“
1136 2544 1287 2608 Videmus

169 2645 400 2724 Aristarchum,
428 2647 461 2710 in
490 2668 527 2712 eo
554 2647 692 2712 maxime
719 2652 919 2730 occupatum,
946 2655 983 2712 ut
1008 2654 1104 2730 poeta
1131 2648 1204 2731 quid
1227 2647 1287 2712 sibi
1320 2637 1327 2730 J

169 2746 330 2826 uoluisset,
355 2749 407 2830 qui
429 2748 624 2832 singulorum
646 2749 789 2814 locorum
812 2756 894 2815 esset
916 2769 1036 2828 sensus,
1052 2751 1104 2833 qui
1120 2750 1287 2815 uocabulo-

170 2870 241 2914 rum
264 2871 350 2928 usus,
374 2871 412 2916 ex
433 2853 544 2917 intimo
566 2853 667 2934 ipsius
690 2853 795 2918 animo
818 2859 850 2918 et
870 2854 997 2936 iugenio
1020 2859 1234 2936 cognosceret,
1250 2853 1287 2915 il·

169 2951 235 3016 lam
262 2953 421 3036 originum
448 2954 702 3038 indagandarum
729 2961 841 3034 artem,
869 2976 963 3038 quam
990 2977 1054 3020 non
1082 2955 1287 3034 desideraret,

167 3060 228 3118 aut
250 3055 345 3137 plane
368 3057 509 3122 omisisse
531 3063 672 3122 autnon
694 3058 828 3122 multum
852 3060 879 3123 ei
902 3058 1060 3124 tribuisse.
1105 3058 1146 3123 Et
1170 3059 1288 3142 optime

168 3156 297 3239 quidem
325 3158 378 3224 hic
404 3158 533 3226 modum
556 3182 698 3226 seruasse
720 3161 854 3239 videtur,
877 3163 904 3226 si
926 3185 998 3228 oum
1020 3162 1178 3227 inferioris
1201 3168 1288 3226 aeta-

171 3260 212 3324 tis
240 3262 456 3342 grammaticis
484 3271 697 3346 comparatur,
720 3265 781 3347 qui,
806 3267 997 3349 etymologia
1019 3265 1221 3349 (ἐτυμολογίας
1244 3264 1288 3326 εὕ-

122 3359 125 3366 “
170 3364 262 3448 ρεσις)
286 3366 508 3446 grammatices
529 3372 622 3448 parte
644 3367 740 3445 facta,
757 3368 840 3434 uude
855 3369 984 3434 verbum
1001 3369 1144 3451 quodque
1159 3367 1288 3433 ductum

172 3471 264 3544 esset,
305 3467 429 3532 curiose
465 3468 684 3550 explorabant.
728 3470 770 3534 Hi
802 3470 938 3550 labores,
973 3492 1104 3554 quorum
1137 3469 1288 3536 uberrimi

171 3568 295 3632 fructus
316 3569 349 3632 in
370 3569 588 3654 Etymologioo
611 3572 727 3656 blagno
750 3571 866 3638 seruati
888 3579 971 3653 sunt,
995 3575 1094 3659 (uude
1116 3573 1216 3638 multa
1231 3573 1288 3636 bu-

163 3669 223 3752 ,jus
251 3671 375 3752 generis
401 3672 433 3736 in
454 3671 578 3738 lexicon
601 3675 693 3758 Apol.
717 3675 883 3758 irrepsisse
905 3677 1064 3761 videntur)
1087 3678 1182 3742 etiam
1204 3696 1290 3740 nuno

173 3771 387 3838 testimonium
410 3773 486 3840 dant
509 3775 690 3859 diligentiae
712 3785 744 3843 et
765 3779 862 3844 studii
883 3780 1042 3857 indefessi,
1060 3780 1146 3864 ,quod
1166 3779 1289 3845 meliori

171 3873 220 3938 rei
242 3874 444 3940 tribuendum
468 3884 545 3942 erat.
589 3880 692 3962 Atque
714 3881 825 3946 eodem
847 3883 951 3947 studio
975 3883 1088 3948 ductus
1108 3883 1174 3967 jam
1189 3881 1290 3948 Hero-

173 3975 298 4054 dianus,
333 3980 514 4061 oeteroqviu
540 3981 680 4062 prudens
708 3989 740 4048 et
766 3984 936 4063 modestus,
963 3985 1079 4051 multos
1106 3986 1138 4050 iu
1166 4005 1290 4051 errores

172 4079 285 4144 incidit
307 4080 440 4164 (Lersoh
463 4081 499 4146 Ο.
524 4103 550 4146 c.
572 4104 603 4165 p.
622 4087 682 4148 104
698 4085 737 4152 de
752 4085 876 4166 ἄαπτος;
893 4087 979 4152 Curi.
995 4088 1046 4154 Et.
1061 4110 1092 4171 p.
1110 4091 1154 4172 6).
1188 4088 1291 4166 Quare

173 4181 302 4246 minime
330 4184 454 4264 mirum,
482 4184 508 4249 si
534 4186 722 4269 Apollonius
749 4189 842 4255 lexioi
868 4199 980 4257 auctor
1002 4193 1149 4276 scopulos
1172 4197 1290 4278 etymo·
1391 4271 1393 4275 ι
