3098 4874
312 313 352 373 58

264 498 408 560 σταλτονῗ
438 518 465 560 v.
489 495 550 560 lex.
573 494 781 580 ἀκριτόμυθον)
805 529 845 541 -·
867 531 910 542 -
931 495 1133 578 πολυάνδριον,
1156 494 1240 577 qvod
1261 494 1392 562 Lehrsio

267 603 399 663 auctore
426 603 475 662 est
501 597 736 662 Aristonieeum
765 597 835 680 (Ar.
865 594 911 660 St.
939 616 971 678 p.
997 595 1082 678 196).
1117 595 1163 659 Gt.
1185 595 1273 661 aliud
1293 598 1391 664 nehel.

266 698 309 764 ad
336 699 367 763 H
394 703 456 763 336
484 697 553 763 eod.
581 698 618 776 B,
647 697 731 780 qvod
753 699 823 781 jam
850 697 976 780 longius
999 695 1040 762 ab
1063 696 1233 779 Apollonio
1257 697 1392 764 recedit:

264 801 379 885 ἀκμιτον
402 838 443 848 -
465 837 508 848 -
530 800 717 884 ἀγνώριστον,
739 800 913 884 ἀχώριστον,
936 798 1036 883 ὅμοιον
1059 801 1100 884 τῷ
1122 802 1215 886 λοιπῷ
1238 800 1338 886 πεδίῳ.

368 903 570 986 ἀκοστήσας
599 903 625 964 οἱ
654 902 705 986 μὲν
732 901 893 986 κμιθιάσας·
917 901 1042 970 ἀκοστὰς
1068 901 1123 986 γὰρ
1152 901 1204 970 τὰς
1224 901 1327 986 κριθὰς
1348 903 1393 966 λέ-

263 1024 372 1087 γουσιν,
395 1005 467 1089 ὅπερ
490 1003 519 1074 ἐξ
539 1001 670 1088 Ὁμήρου
692 1004 872 1088 δυνήσονται.
896 1004 923 1066 οἱ
944 1003 977 1066 δὲ
1000 1003 1044 1066 ὅτι
1060 1004 1190 1072 στάσεως
1206 1003 1391 1089 ἐπιζητήσας,

264 1105 366 1189 διόπερ
389 1106 467 1169 εἶπεν
490 1106 620 1190 ,δεσμὸν
643 1104 842 1190 drepente&
866 1105 953 1168 droti
976 1103 1096 1190 βέλτιον.
1140 1103 1230 1170 Haeo
1244 1105 1393 1170 mutilata

264 1227 333 1273 esse
355 1213 454 1290 patet.
498 1209 601 1290 Atqve
622 1211 697 1290 post
713 1204 843 1292 Ὁμήρου
866 1206 1047 1272 addendum
1070 1210 1118 1273 eet
1139 1205 1186 1283 οὐ,
1207 1227 1283 1271 nam
1305 1207 1393 1290 apud

263 1309 438 1375 Homerum
472 1309 594 1373 ἀκοσταί
616 1311 637 1373 i.
666 1329 697 1392 q.
724 1310 825 1394 κριθαί
848 1329 1005 1391 nueqvam
1031 1313 1128 1372 extat.
1172 1307 1261 1372 Inter
1289 1307 1333 1371 ὅτι
1360 1313 1393 1372 et

261 1413 393 1481 στάσεως
420 1413 575 1496 qvaedarn
602 1412 773 1478 inserenda
796 1431 864 1478 esse
886 1415 1032 1494 apparet,
1061 1431 1141 1492 qvae
1162 1415 1200 1474 ut
1220 1409 1390 1488 inveniam,

261 1514 400 1580 fortasse
423 1536 483 1598 ope
505 1515 617 1580 acholii
636 1515 705 1598 jam
727 1515 806 1578 mihi
828 1514 1001 1597 continget.
1045 1512 1070 1574 Z
1092 1515 1153 1576 506
1174 1515 1194 1598 ἡ
1216 1513 1303 1597 διπλῆ
1319 1513 1391 1596 πρὸς

258 1618 295 1680 ’τὸ
318 1618 491 1702 ἀκοστήσας,
515 1617 558 1680 ὅτι
580 1616 664 1680 ἄλλοι
685 1616 783 1685 ἄλλως
805 1617 969 1680 ἀπέδωκαν·
994 1613 1053 1680 ἔστι
1074 1615 1107 1678 δὲ
1128 1615 1194 1700 ήτοι
1216 1615 1245 1678 ἐν
1262 1613 1331 1699 ἄχει
1346 1638 1389 1698 γε·

263 1719 385 1804 νόμενος
412 1719 459 1781 διὰ
486 1721 538 1804 τήν
567 1720 664 1783 στάσιν
692 1720 712 1802 ή
740 1718 811 1787 ἄκος
832 1741 858 1781 τι
878 1719 928 1781 καὶ
950 1717 1092 1803 βοήθημα
1113 1722 1166 1800 τῆς
1188 1717 1320 1785 στάσεως
1341 1721 1389 1801 ζη-

259 1825 329 1884 τῶν.
374 1819 486 1902 Itaqve
512 1821 559 1885 eie
587 1820 735 1886 emendo:
765 1821 792 1883 οἱ
818 1821 851 1883 δὲ
878 1820 922 1883 ὅτι
949 1819 1019 1888 ἄκος
1045 1843 1072 1882 τι
1093 1823 1132 1899 (κ.
1157 1819 1313 1904 βοήθημα)
1336 1825 1389 1904 τῆς

258 1923 393 1990 στάσεως
421 1921 531 2006 tritae.
560 1959 600 1970 -
629 1921 779 1987 Ceterum
808 1941 888 2004 qvae
910 1921 1157 2004 lexicographue
1180 1927 1212 1986 et
1234 1921 1333 1988 nehel.
1356 1922 1387 1986 h.

259 2023 280 2086 l.
305 2023 474 2103 disserunt,
503 2023 616 2090 eadem
638 2025 756 2106 partim
777 2024 829 2088 Et.
852 2023 895 2087 M.
917 2023 1049 2090 uberius
1070 2023 1215 2106 exponit:
1239 2061 1281 2072 —
1303 2025 1386 2108 -ή

257 2128 381 2190 ’ἀκοσταλ
403 2127 432 2190 αἱ
455 2127 562 2212 κριθαί,
584 2127 620 2189 ἵν’
642 2126 662 2212 ἧ
685 2127 837 2211 κριθιάσας
858 2150 885 2190 κ.
909 2126 965 2188 ὑπὸ
987 2131 1040 2210 τῆς
1061 2130 1173 2211 τροφῆς
1195 2126 1328 2211 ἀκρατὴς·
1345 2127 1385 2190 ὦν

259 2232 321 2291 κτλ.
345 2265 386 2277 -
408 2231 573 2313 ἀκοστήσας
595 2233 702 2294 autem
723 2248 782 2311 per
805 2228 955 2313 κριθιάσας
976 2247 997 2293 a
1018 2227 1258 2310 glossographis
1281 2227 1386 2293 reddi-

256 2335 327 2393 'tum
360 2349 439 2408 esse,
473 2329 589 2394 docent
616 2329 733 2394 Suidas
760 2333 792 2394 et
818 2329 955 2414 Hesyeh.
1000 2327 1094 2393 Unde
1120 2347 1196 2393 vero
1228 2327 1275 2392 illi
1302 2329 1386 2394 hane

255 2429 523 2514 significationem
546 2431 720 2509 duxissent,
743 2430 783 2496 de
805 2431 867 2496 hoe
888 2430 1065 2495 sententiae
1086 2430 1121 2493 in
1143 2429 1303 2494 diversum
1317 2435 1385 2495 ten·

259 2532 386 2597 debant.
431 2531 496 2596 Alii
523 2533 606 2597 enim
634 2533 676 2598 ab
704 2533 812 2618 ἀκοστή
842 2534 893 2617 (ut
918 2532 1024 2615 Apoll.
1051 2531 1124 2612 lex„
1152 2531 1203 2596 Et.
1232 2531 1302 2614 Μ.),
1331 2532 1386 2598 elii

259 2633 300 2699 ab
329 2633 400 2702 ἀκος
428 2658 466 2695 =
492 2633 655 2704 dedicavere
676 2637 763 2719 λιμοῦ
785 2635 887 2698 τεκαὶ
909 2635 1016 2721 δίψεως
1038 2633 1203 2717 (Hesyeh.)
1227 2633 1311 2698 hene
1332 2653 1384 2700 vo·

257 2756 327 2802 cem
360 2737 402 2802 ab
435 2736 498 2802 illis
532 2736 708 2803 derivatam
741 2758 810 2804 esse
838 2737 1066 2819 eredebant.*)
1109 2736 1159 2800 De
1184 2736 1235 2802 his
1263 2735 1383 2820 glosso-

255 2839 389 2922 graphis
417 2862 445 2905 v.
471 2839 676 2924 Sengebueeh
699 2840 781 2906 Dies.
805 2840 821 2904 1
842 2860 873 2922 p.
899 2842 949 2914 52.
973 2842 1023 2919 53,
1046 2839 1147 2904 Lehrs
1168 2840 1224 2903 Ar.
1248 2843 1289 2903 42
1312 2859 1382 2922 sqq.
1420 2904 1422 2909 ,

256 2939 401 3006 Prooem.
1242 2990 1244 2994 .

358 3042 628 3128 ἀλαλκομενηΐς
649 3043 839 3127 Apollonius
861 3064 976 3110 nemen
999 3044 1087 3110 dueit
1107 3044 1148 3110 ab
1163 3043 1267 3121 aaa,
1283 3043 1380 3108 Arist.

255 3143 296 3208 ab
319 3144 464 3222 ἀλαλκεῖν,
488 3165 586 3228 qvare
608 3149 740 3229 uterqve
762 3146 872 3226 „deam
894 3151 1056 3213 areentem
1077 3145 1128 3213 vel
1143 3145 1380 3212 defendentem“

253 3244 468 3330 intellegebat.
514 3247 629 3331 (Lehre
651 3250 707 3312 Ar.
734 3252 816 3330 180).

356 3349 599 3436 ἀλφεσίβοιαι.
644 3351 808 3417 Articulue
846 3351 941 3418 lexiei
977 3351 1018 3418 ab
1057 3351 1168 3418 eedem
1201 3351 1380 3418 Aristarchi

253 3451 484 3515 commentario
514 3451 668 3536 originem
698 3454 815 3537 repetit
842 3473 881 3520 ae
907 3453 1006 3520 schol.
1029 3455 1169 3520 Ariston.
1193 3454 1236 3519 ed
1258 3456 1284 3519 Λ
1308 3458 1379 3532 144,

251 3571 327 3615 nam
348 3551 513 3634 utriusqve
535 3553 646 3618 eadem
669 3553 736 3620 fera
758 3554 857 3621 verba
871 3561 955 3620 sunt.
988 3555 1110 3622 Eodem
1124 3555 1265 3638 pertinet
1278 3555 1377 3622 sohel.

251 3651 276 3715 Z
299 3657 371 3718 236.
1121 3713 1124 3717 .

353 3756 524 3842 ἀμήχανε
551 3757 776 3843 ἀπροσμήχανε,
800 3759 1027 3844 [ἀπροσμάχητε
1048 3759 1123 3832 Hes.
1146 3758 1244 3844 add.].
1289 3759 1377 3825 Aeti-

250 3875 322 3921 vem
344 3857 609 3942 significationem
631 3860 786 3926 omissam
805 3861 1003 3944 suppeditat:

350 4011 377 4078 Ι*)
391 4009 467 4074 Qvod
483 4028 546 4067 vere
564 4011 724 4082 Apollonius
743 4014 818 4084 eiqre
836 4016 968 4084 aeqvales,
987 4015 1050 4085 qvid
1067 4015 1255 4086 glossographi
1272 4015 1314 4070 illi
1333 4030 1375 4069 ve·

245 4097 317 4148 teres
336 4094 473 4164 dixissent,
492 4097 558 4152 adeo
577 4091 778 4164 dissentiebant,
798 4099 849 4154 hee
865 4099 953 4170 ipsum
972 4099 1113 4170 signifieat.
1131 4101 1180 4154 hos
1192 4116 1246 4154 non
1258 4115 1289 4154 ex
1302 4099 1376 4169 ipse·

247 4193 306 4232 rum
323 4179 430 4249 seriptis
449 4180 496 4235 sed
513 4197 544 4236 ex
562 4183 723 4238 anctoritate
740 4185 798 4238 Ani
816 4184 980 4255 aliernmqve
997 4185 1053 4240 illis
1070 4185 1153 4240 fuisse
1170 4185 1300 4254 cognitos.
