3098 4874
297 351 337 412 36

248 561 277 600 κ.
311 536 358 600 διδ
389 538 527 622 θώρηκος
559 577 600 586 -
633 539 672 624 (Δ
707 542 791 626 135).
847 540 970 624 Λέγεται
1004 541 1037 604 δὲ
1067 544 1153 626 ζῶμα
1184 566 1210 606 κ.
1238 543 1271 606 τδ
1298 546 1375 630 περί·

249 644 346 725 ζωμα,
375 640 427 704 cit.
457 641 488 704 Ψ
515 645 587 706 683;
632 642 679 707 Cl.
708 645 774 708 sch.
803 644 826 707 Δ
851 649 920 708 187.
965 643 1090 710 Omissa
1110 645 1209 728 igitur
1231 651 1279 711 est
1299 667 1374 729 pro-

249 742 323 824 pria
352 743 447 826 hujus
473 745 558 809 vocis
587 745 793 828 significeti03
824 747 941 811 dixeris
968 747 1105 812 fortasse
1127 769 1198 813 eam
1220 749 1374 816 excidisse

250 850 284 910 et
309 846 399 910 innui
425 847 474 912 vel
501 837 603 912 alludi
624 848 679 913 illo
702 851 764 928 καί;
787 849 814 913 is
836 855 961 914 tantum
982 871 1067 928 usus,
1091 871 1151 934 qvo
1174 855 1199 923 ζ.
1222 871 1283 934 pro
1304 857 1375 918 tota

250 948 352 1015 lorica
374 949 500 1028 dicitur,
523 951 693 1033 Apollonio
715 952 861 1017 innotuit.
907 952 987 1030 Qvid
1007 974 1082 1018 vero
1104 975 1229 1019 versum
1253 955 1276 1018 Δ
1302 959 1373 1035 135,

249 1055 305 1119 ubi
337 1055 422 1119 vocis
454 1057 539 1138 ζῶμα
565 1074 605 1117 ne
631 1055 748 1119 mentio
780 1056 905 1138 qvidem
936 1057 983 1134 lit,
1011 1056 1065 1120 hie
1093 1055 1201 1122 afferri
1228 1059 1373 1138 attineat,

114 1233 121 1250 .
251 1157 395 1240 aqvidem
427 1177 492 1220 non
524 1155 691 1239 intellego;
727 1159 780 1240 qvi
807 1159 914 1241 potius
942 1159 983 1223 ad
1009 1159 1110 1244 θώρηξ
1138 1160 1374 1243 explanandum

248 1260 412 1343 pertinere
434 1258 552 1323 debuit.
575 1295 616 1306 -
638 1259 809 1342 Aliqvanto
831 1261 944 1326 melius
968 1261 1006 1326 de
1024 1263 1138 1346 ζωστήρ
1157 1263 1272 1345 agitur,
1290 1264 1374 1346 qvod

250 1362 438 1427 Aristarcho
466 1361 634 1426 constabat
662 1362 822 1428 vinculum
851 1385 928 1442 esse,
958 1385 1018 1448 qvo
1047 1369 1138 1429 extra
1165 1365 1374 1448 cingebantur

250 1467 364 1531 heroes
391 1465 449 1545 „ad
477 1465 700 1530 continendam
729 1467 1068 1551 constringendamqve
1096 1467 1255 1532 loricam.“
1299 1468 1373 1534 Seh.

248 1567 351 1633 Kar.
395 1568 583 1651 Apollonius
605 1568 665 1632 ait:
689 1569 705 1630 ὁ
728 1569 827 1660 ἐπάνω
850 1575 902 1633 τοῦ
924 1571 1060 1655 θώρακος
1081 1565 1106 1656 ᾧ
1128 1574 1265 1654 χρῶνται.
1310 1571 1375 1638 Sed

249 1673 330 1736 haee
363 1673 469 1736 omnia
496 1676 570 1734 sunt
597 1670 745 1735 mutilata
772 1679 804 1736 et
832 1672 973 1737 confusa.
1018 1673 1228 1756 Integriorem
1256 1677 1373 1739 artum

248 1778 393 1838 nostrum
426 1773 562 1837 servavit
594 1772 729 1856 Hesych.
764 1777 922 1859 ζωστήρ·
958 1769 983 1861 ᾧ
1019 1775 1119 1838 ἐπάνω
1152 1779 1204 1838 τοῦ
1237 1776 1373 1861 θώρακος

250 1876 391 1960 ἐχρῶντο.
419 1913 460 1923 -
488 1878 583 1958 ζῶμα.
610 1875 771 1959 περίζωμα,
798 1877 831 1938 τδ
858 1877 917 1940 ἀπὸ
945 1881 1002 1940 τῶν
1032 1882 1133 1962 μηρῶν
1156 1901 1182 1941 κ.
1210 1877 1297 1964 μέχρι
1316 1884 1370 1943 τῶν

248 1979 409 2065 βουβώνων
432 1977 660 2062 σοζευγνώμενον
684 1980 724 2064 τῷ
747 1979 869 2064 θώρακι.

353 2081 515 2166 ἰόμωροι.
559 2080 667 2144 Lexici
701 2081 854 2146 articulus
887 2082 929 2146 ad
961 2081 1092 2146 verbum
1126 2084 1274 2167 congruit
1300 2105 1372 2148 cum

246 2185 348 2251 schol.
376 2185 390 2254 Ε
418 2187 457 2248 29
487 2183 522 2260 Q.
551 2183 590 2248 V.
619 2183 753 2266 Utriqve
779 2184 864 2249 idem
886 2185 957 2250 fons
979 2184 1114 2264 affluxit,
1137 2186 1204 2250 soil.
1228 2185 1370 2252 collectio

141 2313 145 2322 ·
248 2288 406 2370 quaedam
443 2286 636 2351 scholiorum
667 2287 718 2351 vel
751 2288 1012 2370 explicationum3
1053 2309 1242 2371 qvamqvam
1275 2289 1372 2354 etiam

247 2389 416 2474 probabile
443 2395 500 2468 est,
527 2389 561 2452 id
589 2389 672 2472 qvod
698 2390 732 2452 in
761 2390 829 2454 cod.
874 2391 912 2455 V.
940 2391 1100 2456 interdum
1128 2391 1198 2456 fieri
1219 2393 1372 2474 novimus,

246 2493 455 2560 scholiastam
478 2511 495 2556 e
517 2491 619 2556 lexico
642 2511 701 2556 sua
723 2493 903 2575 sumpsisse.

324 2613 495 2680 ἰονθάδος
527 2612 543 2674 ὁ
578 2611 628 2696 μὲν
674 2610 785 2674 Ἀπίων
903 2611 1007 2676 Schol.
1046 2613 1060 2683 Ε
1100 2616 1139 2678 50
1176 2614 1224 2679 B.:
1260 2614 1375 2685 ἰόνθους

245 2723 301 2803 τῆς
329 2717 493 2793 δασείας,
516 2715 575 2778 οἷον
598 2713 787 2800 abstentione
837 2715 954 2798 λέγουσι
986 2715 1038 2784 τὰς
1064 2717 1142 2802 ῥίζας
1172 2722 1228 2780 τῶν
1255 2722 1372 2802 τριχῶν.

190 2842 192 2848 ·
247 2821 385 2906 ἐχούσης,
423 2821 443 2904 ἢ
483 2824 535 2903 τῆς
568 2817 694 2900 ἰούσης
728 2817 781 2880 θο-
838 2819 971 2902 σημαίνει
987 2817 1036 2882 οὖν
1053 2821 1105 2904 τὴν
1123 2821 1285 2884 δασεῖαν·
1303 2821 1373 2884 οἱδὲ

243 2929 309 2992 ῶς·
332 2924 405 2991 τινὲς
427 2923 459 2984 δὲ
481 2921 646 3005 ἀκμαίας.
669 2957 711 2968 -
739 2919 787 2983 διὰ
837 2923 889 3005 τὴν
923 2925 1085 3004 ταχεῖαν,
1119 2921 1200 3007 παρὰ
1233 2924 1265 2986 τδ
1298 2923 1372 3008 ἄδην

248 3027 282 3091 δὲ
297 3031 349 3090 τοῦ
369 3024 564 3110 Ἀριστάρχου
578 3026 786 3108 ὑπομνήματος
838 3023 918 3086 ἰέναι.
953 3025 979 3086 οἱ
1008 3025 1041 3087 δὲ
1062 3025 1159 3106 νέας,
1183 3031 1236 3110 τῆς
1259 3025 1373 3096 ἰόνθους

248 3130 384 3198 ἰονθάδος
407 3127 476 3191 ἔνιοι
492 3127 785 3190 ἀποδιδόασιτελεί-
840 3127 982 3212 φοσοίσης.
1021 3165 1063 3176 -
1096 3167 1137 3176 -
1175 3128 1229 3192 οὐκ
1266 3127 1301 3192 ἄν
1340 3129 1374 3193 δὲ

249 3257 299 3297 oo.
324 3233 369 3317 εἴη
393 3229 455 3294 δ’θν
479 3229 634 3314 λεγόμενον
652 3229 709 3292 α’πδ
727 3234 783 3293 τῶν
838 3229 979 3316 ἐπήνεγκε
1013 3230 1087 3315 μέγα
1120 3255 1145 3293 κ.
1175 3231 1258 3308 δασώ,
1287 3231 1373 3316 εἴγε

245 3337 362 3401 ἰόνθων·
381 3335 433 3404 τὰς
449 3333 504 3420 γὰρ
517 3337 574 3396 τῶν
587 3337 693 3418 τριχῶν
707 3333 785 3419 ῥίζας
837 3333 870 3396 τδ
913 3333 985 3395 ἰονθ.
1041 3333 1148 3418 ἐδήλου
1193 3334 1225 3396 rb
1250 3333 1370 3404 δασέος.

249 3439 365 3508 ἰόνθοος
387 3438 465 3522 λέγει
486 3435 641 3522 Σοφοκλῆς
663 3459 689 3498 κ.
714 3460 738 3498 τ.
756 3439 782 3499 λ.
836 3435 929 3499 ἴονθοι
947 3436 979 3498 δὲ
990 3434 1177 3521 ἐξανθήματα
1194 3437 1372 3526 ἀκμάζον-

148 3568 149 3572 ’
245 3543 364 3630 (Lehrs
386 3543 441 3606 Ar.
467 3540 552 3626 152).
837 3561 896 3606 τος
919 3541 1063 3622 σώματος.

349 3663 411 3728 Ηίο
444 3662 632 3746 Apollonius
665 3659 790 3726 videtur
817 3657 958 3722 fontibus
987 3678 1063 3722 usus
1091 3677 1159 3722 esse
1186 3657 1309 3740 Apione
1338 3663 1370 3724 et

243 3767 425 3833 Aristarchi
448 3763 675 3831 commentario
698 3767 792 3843 atqve
814 3762 908 3825 tertio
933 3760 1038 3844 aliqvo
1053 3761 1237 3844 interprete.
1272 3760 1370 3826 Scho-

246 3873 282 3936 lii
309 3877 415 3936 autem
442 3869 540 3935 verba
566 3873 645 3951 puto
667 3865 827 3929 hominem
849 3863 994 3946 prodere,
1016 3863 1110 3929 lexici
1132 3863 1230 3929 verba
1252 3865 1370 3947 compi·

245 3974 366 4038 lentem
389 3977 421 4038 et
443 3971 664 4054 corrigentem.

349 4076 449 4160 ἰωγή.
493 4074 596 4143 Ε533
628 4069 876 4155 Ar.·sejunctim
898 4069 1026 4152 scripsit
1048 4067 1096 4132 ὑπ’
1120 4069 1193 4153 ἰωγῇ
1215 4069 1236 4132 i.
1259 4089 1290 4151 q.
1313 4069 1369 4132 tub
1450 4133 1462 4162 e

239 4179 350 4264 σιωπή.
385 4180 443 4243 Cui
470 4177 536 4242 soh.
560 4175 580 4240 l.
603 4175 624 4240 l.
646 4195 840 4259 repugnans,
864 4173 1006 4256 praefert
1028 4173 1231 4257 conjunctum
1254 4174 1368 4257 ὑπιωγῇ

237 4284 265 4347 r‘.
290 4307 320 4367 q.
345 4285 385 4369 τῷ
409 4279 542 4344 σκέποντι
562 4304 589 4342 κ.
618 4279 781 4364 ἀπείργοντι
801 4278 848 4340 τὸν
871 4275 988 4362 Βορρᾶν
1011 4275 1091 4362 τώπιρ
1151 4275 1198 4340 Of.
1221 4275 1281 4358 Ap.
1304 4274 1367 4340 lex.
