3098 4874
1267 359 1285 419 9

305 545 451 622 Qvamvis
479 544 668 608 Aristarcho
697 542 847 608 defuncto
868 543 1011 625 plerique
1033 542 1102 625 ejus
1126 541 1275 624 discipuli
1298 541 1332 604 in

201 651 298 729 poeta
325 645 516 728 explicando
545 649 718 727 pergerent
745 649 777 708 et
804 645 948 726 magistri
974 643 1096 726 placita
1123 643 1336 726 explanarent

201 749 297 830 hujus
330 753 440 811 tamen
474 766 573 826 opera
606 745 695 827 quasi
727 744 833 810 fontes
861 745 915 810 diu
941 765 1097 824 mansere,
1125 745 1211 810 unde
1233 745 1335 810 omnis

201 848 399 914 reconditior
429 846 574 910 doctrina
596 845 775 910 haurienda
798 849 877 910 erat.
925 845 1027 922 Qvare
1050 867 1122 910 cum
1144 845 1335 926 Apollonius

201 949 348 1014 Archibii
375 947 460 1012 filius
489 948 575 1012 circa
601 947 652 1011 CL
679 948 772 1012 annis
799 953 872 1030 post
899 947 1078 1012 Aristarchi
1100 952 1237 1011 mortem
1258 947 1336 1011 lexi-

203 1071 264 1116 con
285 1050 472 1116 conditurus
495 1053 578 1114 esset
599 1049 816 1128 Homericum,
839 1049 947 1114 facere
963 1069 1027 1113 non
1044 1049 1159 1130 potuit,
1173 1048 1248 1130 quin
1260 1068 1335 1112 eun·

204 1153 276 1218 dem
311 1152 473 1216 doctrinae
506 1151 628 1216 fontem
656 1151 769 1216 adiret.
816 1150 912 1228 Quem
942 1150 1108 1216 consulere
1137 1149 1248 1214 debuit
1275 1149 1336 1214 nisi

203 1274 286 1330 eum,
320 1253 372 1334 qvi
404 1253 438 1316 in
471 1253 533 1318 hoc
567 1273 683 1336 genere
717 1252 896 1317 studiorum
929 1257 961 1317 et
989 1253 1111 1334 optima
1138 1255 1170 1315 et
1196 1250 1336 1333 plurima

204 1353 438 1436 praestitisset?

304 1456 512 1520 Aristarchus
534 1456 634 1538 igitur
657 1454 729 1519 fons
753 1460 802 1518 est
823 1454 947 1536 primus
970 1458 1002 1518 et
1023 1454 1227 1536 praecipuus,
1249 1453 1334 1519 unde

201 1557 392 1641 Apollonius
415 1563 448 1622 et
471 1557 593 1639 optima
616 1562 648 1621 et
669 1555 812 1638 plurima
829 1577 888 1620 sua
905 1557 1050 1638 sumpsit.
1084 1556 1128 1619 Et
1144 1576 1335 1638 quamquam

200 1660 281 1743 locis
303 1660 357 1724 vix
378 1660 546 1742 sexaginta
568 1658 694 1723 nomine
717 1657 826 1722 addito
849 1663 964 1722 testem
987 1677 1059 1722 eum
1083 1658 1171 1736 citat,
1194 1659 1334 1723 haecte-

203 1781 276 1826 men
304 1761 435 1824 minima
461 1781 538 1842 pars
561 1765 609 1824 est
631 1779 752 1836 eorum,
776 1780 866 1841 qvae,
890 1759 1033 1841 qvamvis
1055 1761 1183 1824 nomine
1207 1759 1335 1838 omisso,

202 1862 391 1943 exscriptis
413 1861 481 1943 ejus
504 1867 641 1944 sumpta,
665 1861 699 1924 in
716 1861 819 1926 lexico
836 1861 995 1944 leguntur.
1033 1861 1121 1938 Qvod
1140 1883 1215 1926 vero
1236 1861 1337 1944 pluria

202 1984 256 2028 rna
278 1962 488 2026 Aristarchea
511 1963 579 2027 sine
602 1964 744 2028 auctoris
767 1963 895 2027 nomine
916 1963 950 2026 in
972 1963 1279 2042 lexicotraduutur,
1297 1963 1336 2028 de

203 2065 266 2130 hac
287 2085 322 2128 ro
345 2065 428 2128 alius
451 2064 514 2128 alio
537 2064 633 2128 modo
653 2063 817 2146 judicarit.
862 2064 1000 2130 Necesse
1022 2066 1105 2128 euim
1128 2071 1176 2128 est
1198 2065 1336 2129 alterum

205 2167 244 2232 de
267 2166 391 2231 duobus
414 2187 492 2244 esse,
515 2171 552 2230 ut
575 2171 632 2230 aut
654 2187 770 2230 nomen
792 2167 981 2244 Aristarchi,
1004 2167 1108 2248 primo
1126 2165 1335 2248 adscriptum,

204 2274 319 2350 postea
346 2289 363 2332 e
389 2267 503 2346 lexico,
531 2267 752 2348 epitomatoris
781 2289 911 2332 manum
938 2273 1080 2350 experto,
1110 2269 1262 2332 omissum
1285 2268 1335 2346 sit,

205 2375 262 2434 aut
288 2367 374 2432 illius
406 2368 583 2432 sententiae
605 2389 644 2432 ne
666 2369 771 2450 primo
794 2369 920 2450 quidem
943 2391 1077 2452 usquam
1101 2391 1173 2434 cum
1196 2369 1336 2434 auctoris

204 2469 334 2534 nomine
367 2469 485 2533 allatae
512 2469 585 2549 siut,
612 2470 678 2534 sive
707 2469 962 2554 lexicographus‚
994 2493 1067 2536 cum
1097 2471 1238 2552 plurima
1269 2471 1336 2535 fere

205 2571 246 2636 ab
269 2569 381 2635 eodem
403 2571 592 2635 Aristarcho
616 2572 803 2653 accepisset,
826 2571 943 2653 ubiqve
966 2593 1081 2637 nomeu
1105 2572 1173 2654 ejus
1197 2571 1336 2654 adjicere

206 2692 479 2753 supervacaneum
515 2671 656 2750 duceret,
687 2673 752 2737 sive
778 2694 842 2737 non
871 2693 910 2738 ex
937 2673 1118 2738 Aristarchi
1145 2673 1337 2739 auctoritate

206 2773 274 2852 eius
297 2772 526 2855 explicationes
550 2772 690 2852 afferret,
715 2775 771 2840 sed
794 2774 875 2854 aliis,
899 2775 1131 2839 recentioribus
1153 2796 1230 2838 usus
1242 2775 1337 2838 fonti-

205 2875 275 2951 bus,
297 2875 506 2940 Aristarchea
527 2896 561 2939 se
583 2876 816 2941 transscribere
838 2878 1011 2960 ignoraret.

309 2978 487 3042 Aristarchi
517 2979 695 3043 doctrinam
724 2980 866 3061 qvamvis
895 2979 1022 3043 nomine
1045 2978 1161 3044 omisso
1184 2978 1335 3061 saepissi-

207 3100 258 3143 me
285 3079 326 3144 ab
355 3080 525 3162 Apollonio
554 3082 698 3163 exprimi,
722 3082 816 3146 facile
840 3081 1054 3147 demonstrari
1076 3086 1191 3164 potest,
1215 3083 1339 3147 sicum
1385 3161 1389 3168 ι

207 3179 302 3246 lexici
330 3181 474 3246 articulis
499 3201 537 3247 ea
560 3182 768 3247 conferuntur
790 3182 921 3261 scholia,
945 3184 1059 3266 quibus
1081 3184 1260 3248 Aristarchi
1284 3205 1337 3248 ex·

206 3281 395 3366 plicatioues
430 3285 642 3348 continentur.
688 3284 793 3366 Ipsius
826 3285 909 3349 enim
937 3285 1028 3350 libris
1055 3285 1200 3368 perditis,
1230 3286 1337 3350 omnia

208 3383 374 3451 doctrinae
397 3385 465 3468 ejus
488 3389 670 3468 tragmenta
693 3406 710 3450 e
737 3385 866 3450 scholiis
889 3386 1021 3468 aliisque
1044 3387 1336 3470 grammaticorum,

208 3506 288 3569 qvae
321 3491 502 3568 supersunt,
537 3486 688 3568 operibus
716 3487 876 3552 laboriose
903 3489 1082 3572 colligenda
1110 3497 1193 3567 suut,
1222 3509 1262 3552 ex
1287 3487 1337 3551 his

207 3587 324 3671 ubique
348 3587 500 3669 dispersis
521 3587 628 3672 imago
652 3590 853 3672 grammatici
876 3591 1084 3655 restituenda.
1129 3592 1183 3653 Ac.
1198 3589 1338 3672 plurima

209 3690 277 3772 ejus
301 3689 467 3754 doctrinae
489 3691 623 3773 vestigia
645 3691 817 3774 eademque
839 3693 1047 3775 integerrima
1069 3691 1192 3755 scholia
1214 3690 1338 3752 Veneta

209 3791 277 3874 (A.)
302 3791 343 3856 ad
365 3791 499 3856 Iliadem
522 3797 660 3870 servant,
685 3793 723 3858 de
747 3793 860 3874 qvibus
884 3794 1002 3876 optime
1026 3793 1094 3874 agit
1119 3789 1176 3854 Tb.
1203 3789 1338 3856 Boccor-

210 3892 270 3956 dns
298 3892 375 3973 (,De
402 3893 538 3959 Scholiis
566 3893 604 3958 In
631 3893 724 3958 Hom.
754 3893 845 3959 Iliad.
869 3893 1000 3958 Venetis
1021 3894 1059 3955 A.
1084 3892 1204 3970 ,Berol
1230 3895 1338 3978 1850).

209 3993 417 4059 Demonstrat
448 3995 500 4060 hic
526 3996 641 4060 horum
670 3996 864 4061 scholiorum
891 3994 1095 4060 veterrimam
1106 3996 1137 4079 *)
1165 4001 1292 4078 partem
1320 4017 1340 4062 a

312 4165 339 4232 *)
348 4163 406 4218 Hoc
419 4164 580 4218 scholiorum
588 4164 751 4218 Venetorum
760 4162 960 4218 tundamentum
971 4167 1119 4232 sqvattuor
1130 4165 1247 4219 virorum
1257 4165 1339 4234 scrip·

207 4247 246 4300 tis
261 4249 317 4318 jam
332 4249 425 4319 paullo
442 4252 506 4318 post
522 4249 670 4304 Herodiaui
687 4252 804 4304 aetatem
822 4249 964 4305 conflatum
982 4266 1039 4305 esse
1057 4252 1141 4305 Lehrs
1156 4249 1269 4319 judicat.
