3098 4874
302 355 343 415 16

256 557 366 602 rarum
394 536 538 602 ordinem
566 534 701 600 redacta
727 541 810 601 sunt.
823 535 856 618 ³⁸)
900 535 1012 617 Itaqve
1036 555 1076 600 ex
1096 535 1276 600 Aristarchi
1298 556 1386 600 com-

253 639 419 704 mentariis
447 637 638 720 glossarium
659 636 912 715 Aristarcheum,
935 641 967 701 et
989 636 1127 702 aliorum
1150 657 1167 700 e
1192 643 1387 702 commenta-

253 741 310 806 riis
344 741 409 805 alia
441 739 598 822 glossaria
631 739 774 803 extitere.
823 739 861 802 In
894 737 1008 820 qvibus
1038 759 1113 804 vero
1147 738 1280 821 singulis
1314 759 1387 802 cum

253 863 350 924 saepe
382 840 467 906 idem
501 845 615 906 auctor
649 839 691 904 ab
724 839 788 906 alio
822 840 916 905 aliter
948 839 1174 921 explicaretur,
1209 847 1241 906 et
1274 839 1387 906 eodem

254 950 363 1008 tamen
402 962 512 1007 omnes
546 945 739 1022 spectarent,
778 945 1027 1006 consentaneum
1059 941 1121 1004 fuit
1153 941 1212 1004 has
1246 940 1387 1005 diversas

253 1045 483 1129 explicationes
510 1043 676 1124 variasqve
705 1043 828 1126 glossas
855 1045 889 1106 in
916 1063 1015 1106 unum
1039 1043 1166 1106 demum
1189 1041 1296 1125 colligi
1318 1063 1387 1106 cor-

253 1169 323 1230 pus,
364 1146 418 1210 ubi
452 1151 587 1224 cunctae
621 1145 716 1208 simul
749 1149 954 1226 apparerent.
1001 1144 1054 1210 Sic
1087 1145 1230 1208 extitisse
1262 1143 1388 1208 videtur

253 1271 371 1332 corpus
393 1247 474 1310 illud
497 1247 676 1329 glossarum
698 1246 748 1310 rel
772 1247 1085 1324 commentariorum,
1104 1245 1143 1309 de
1162 1266 1222 1327 qvo
1231 1245 1301 1328 jam
1318 1265 1387 1310 sae·

253 1352 326 1434 pius
343 1350 419 1428 dixi,
437 1349 528 1432 cujus
544 1348 678 1430 vestigia
696 1347 729 1412 in
749 1347 851 1412 lexico
864 1348 1026 1432 Apollonii
1033 1349 1103 1430 jam
1119 1347 1228 1411 multis
1246 1347 1324 1411 locis
1336 1365 1388 1410 me

253 1451 516 1518 animadvertisse
527 1451 668 1533 puto.**)
692 1449 871 1514 Aristarchi
883 1456 990 1514 autem
1002 1449 1230 1531 explicationes
1240 1469 1388 1512 unacum

255 1555 326 1619 aliis
347 1555 381 1618 in
404 1555 465 1618 hoc
489 1573 580 1636 opus,
603 1557 640 1616 ut
661 1572 722 1634 par
745 1557 824 1629 erat,
848 1557 997 1633 receptae
1020 1556 1122 1616 eraut.
1157 1552 1260 1632 Atque
1276 1551 1387 1633 hujus·

255 1656 343 1721 modi
375 1655 496 1720 fontem
528 1655 599 1734 ipsa
633 1653 842 1717 articulorum
870 1651 920 1716 vel
950 1653 1130 1736 glossarum
1158 1652 1263 1717 forma
1292 1673 1387 1734 argu-

254 1779 309 1822 ere
341 1756 476 1820 videtur.
527 1755 610 1818 Nam
642 1775 775 1836 prorsus
810 1754 922 1818 eodem
949 1755 1044 1818 modo
1076 1760 1170 1836 atqve
1197 1755 1230 1817 in
1258 1753 1387 1818 scholiis

256 1859 426 1945 (imprimis
449 1857 499 1934 iis,
523 1876 604 1938 qvae
626 1855 668 1919 ad
692 1855 867 1937 Odysseam
889 1857 1067 1938 pertinent)
1092 1855 1131 1918 de
1153 1855 1264 1920 eadem
1281 1876 1317 1919 re
1334 1875 1386 1919 ex-

253 1959 406 2042 plicanda
432 1958 527 2022 binae
549 1957 599 2021 vel
621 1961 733 2021 ternae
755 1957 902 2038 pluresve
921 1958 1016 2039 juxta
1038 1962 1263 2039 proponuntur
1286 1957 1386 2038 opini-

253 2082 331 2126 ones
359 2060 511 2136 diversae,
539 2058 596 2122 lite
622 2079 686 2122 non
715 2059 888 2140 dirempta3
912 2065 944 2124 et
967 2080 1039 2122 cum
1062 2057 1216 2122 articulus
1239 2057 1333 2122 lexici
1356 2064 1388 2122 et

253 2163 407 2240 scholion,
431 2159 515 2242 qvod
538 2160 566 2224 ei
588 2160 771 2241 respondet,
794 2181 892 2242 saepe
914 2159 994 2225 adeo
1018 2161 1103 2224 inter
1125 2181 1159 2224 se
1176 2160 1386 2236 consentiant,

253 2269 291 2328 ut
313 2263 426 2328 eodem
447 2282 581 2343 prorsus
601 2261 713 2326 ordine
724 2262 785 2326 hae
798 2261 1029 2344 explicationes
1041 2263 1150 2326 variae
1161 2263 1246 2325 inter
1257 2282 1291 2327 se
1302 2262 1387 2326 exci-

253 2365 355 2448 piant,
378 2363 461 2427 sumi
482 2383 547 2426 non
568 2367 675 2445 potest
696 2363 961 2446 lexicographum
984 2383 1094 2427 earum
1113 2368 1262 2428 auctores
1279 2363 1386 2446 singu-

253 2466 302 2530 los
326 2463 532 2541 consuluisse,
555 2463 643 2545 ipsos
666 2464 819 2546 cujusque
840 2465 941 2530 libros
962 2465 1148 2547 inspexisse,
1172 2465 1228 2529 sed
1251 2465 1387 2530 eundem

252 2567 301 2630 illi
329 2572 423 2649 atqve
450 2565 643 2630 scholiastae
670 2565 791 2630 fontem
819 2567 1018 2648 suppetiisse,
1049 2566 1121 2632 dico
1144 2587 1225 2650 opus
1247 2566 1385 2650 aliqvod,

253 2669 287 2732 in
300 2689 361 2750 qvo
373 2668 434 2732 hae
441 2667 510 2750 jam
524 2687 633 2732 omnes
646 2667 790 2732 diversae
802 2667 1031 2750 explicationes
1043 2666 1196 2732 collectae
1208 2669 1386 2748 erant.***)

356 2874 383 2942 *>
399 2873 439 2926 Of.
463 2872 492 2926 G.
516 2872 546 2926 a
569 2872 663 2926 Ranke
685 2871 719 2925 de
734 2872 784 2925 lex.
820 2871 934 2940 Hesych.
952 2871 1019 2940 orig.
1039 2873 1066 2924 ct
1084 2887 1144 2939 gen.
1163 2871 1256 2926 forma.
1274 2889 1299 2940 p.
1318 2875 1343 2935 5,
1361 2873 1386 2926 6.

356 2959 401 3022 **)
418 2956 488 3020 Qvio
511 2957 581 3026 qvod
602 2957 763 3026 Apollonius
784 2956 920 3010 nonnullis
942 2956 1008 3010 locis
1030 2957 1089 3014 τοὺς
1105 2956 1315 3029 γλωσσογράφους
1332 2959 1385 3010 tes·

252 3045 295 3096 tes
314 3042 388 3095 citat.
1288 3040 1289 3044 ’

357 3127 419 3189 ***)
437 3125 633 3179 Glossariorum
650 3127 721 3178 hanc
737 3125 820 3178 fuisse
838 3125 1019 3179 condicionem
1037 3141 1208 3194 communem,
1222 3127 1317 3178 utnon
1329 3125 1384 3176 sin-

253 3209 318 3279 gula
336 3213 442 3263 servata
460 3209 523 3276 siut,
542 3209 589 3262 sed
608 3210 637 3263 iu
655 3227 737 3284 unum
755 3210 871 3264 conflata
888 3213 916 3266 et
933 3210 1044 3265 confusa
1062 3227 1078 3264 a
1095 3209 1289 3278 lexicographis
1308 3208 1385 3262 adhi-

252 3295 313 3348 bita
334 3295 397 3358 sint,
419 3293 533 3363 patebit,
555 3294 579 3347 si
597 3311 678 3364 sopra
696 3295 777 3348 dictis
794 3296 861 3350 haec
879 3297 1035 3350 contuleris:
1056 3295 1125 3363 „Sed
1142 3312 1195 3349 non
1214 3294 1260 3348 diu
1277 3293 1334 3362 ejus
1351 3293 1387 3347 li·

252 3380 301 3433 ber
319 3381 349 3446 (i.
366 3395 388 3433 e.
406 3379 566 3448 glossarium
583 3379 732 3434 laconicum
750 3381 939 3449 Aristophanis
957 3382 1093 3451 Byzantii)
1107 3381 1136 3433 in
1149 3379 1287 3434 hominum
1300 3379 1385 3432 mani·

252 3465 304 3518 bus
326 3465 434 3518 mansit.
469 3464 577 3517 Etenim
599 3465 670 3518 inter
691 3466 879 3534 grammaticos
901 3469 964 3536 post
982 3483 1041 3522 eum
1058 3467 1178 3520 viventes
1196 3465 1296 3536 reperti
1314 3468 1386 3534 sunt,

252 3549 299 3618 qvi
317 3549 424 3618 singula
442 3566 459 3602 a
476 3549 540 3602 viris
560 3549 646 3602 doctis
664 3551 765 3618 scripta
783 3551 867 3604 lexica
885 3551 913 3604 iu
932 3569 1014 3606 unum
1032 3569 1128 3621 corpus
1147 3551 1305 3621 conjungere
1319 3551 1385 3620 ausi,

252 3635 384 3704 imprimis
410 3634 467 3704 ejus
493 3633 590 3686 librum
617 3637 800 3702 occuparent.“
837 3635 940 3701 (Ranlrc
966 3653 989 3689 o.
1012 3653 1034 3690 c.
1056 3653 1082 3706 p.
1105 3640 1157 3698 99).
1194 3637 1283 3690 Simili
1307 3635 1385 3690 modo

252 3720 424 3787 Artemidori,
452 3719 647 3782 Hermonactis‚
668 3719 789 3782 Diodori,
813 3717 993 3788 Timachidae,
1016 3721 1129 3774 aliorum
1151 3722 1284 3790 glossaria
1307 3737 1385 3789 opere

252 3805 390 3874 Pamphili
409 3805 445 3869 (h.
464 3821 486 3858 e.
504 3804 587 3857 lexico
605 3803 742 3872 Hesychii)
760 3803 834 3859 velut
850 3821 948 3874 magno
966 3807 1034 3860 mari
1052 3806 1180 3875 absorpta
1188 3807 1386 3875 perierunt,vix

252 3892 284 3942 ut
302 3891 411 3943 nomina
428 3905 519 3943 eorum
536 3889 679 3958 supersint.
714 3888 826 3943 Easdem
844 3891 927 3945 etiam
941 3891 1011 3945 vices
1024 3891 1158 3961 glossaria
1170 3891 1311 3945 Homerica
1325 3889 1384 3942 Ari·

251 3975 355 4028 starchi
378 3978 406 4028 et
422 3975 655 4029 Aristarcheorum
673 3975 789 4029 subiere:
807 3993 927 4031 mansere
945 3978 1072 4046 reliquiae
1090 3977 1118 4030 in
1136 3977 1219 4030 lexico
1237 3971 1383 4044 Apollonii.

251 4058 295 4121 nt,
318 4057 342 4110 si
364 4057 443 4125 plura
465 4057 532 4110 mihi
554 4057 684 4126 conjicere
707 4058 796 4128 liceat,
814 4059 874 4113 fieri
895 4062 992 4129 potest,
1010 4063 1042 4114 ut
1058 4060 1218 4128 glossarium
1236 4055 1304 4110 illud
1322 4053 1382 4106 Ari·

253 4142 357 4196 starchi
380 4141 414 4194 ab
433 4141 481 4194 illo
499 4141 608 4209 majoris
627 4142 744 4198 ambitus
761 4143 893 4212 glossario
911 4159 964 4197 non
981 4143 1063 4198 fuerit
1081 4144 1220 4204 diversum,
1239 4137 1286 4192 sed
1302 4156 1384 4189 anam

254 4243 330 4296 opus,
349 4245 430 4278 caum
448 4226 597 4294 glossarum
615 4243 711 4298 corpus
728 4246 745 4283 a
761 4228 949 4298 lexicographo
967 4231 1124 4298 usurpatum
1143 4229 1186 4281 sit.
