3108 4870
273 261 313 320 96

226 446 312 530 βαλα·
341 443 421 528 παρὰ
448 443 480 504 τὸ
507 443 657 526 χεῖσθαι
685 443 829 529 ῥαδίως.
874 444 1001 528 χεράδες
1029 446 1161 526 λίχονται
1183 443 1231 506 καί
1253 444 1280 506 oi
1302 463 1358 507 σω-

225 549 272 631 ροὶ
294 551 350 608 τῶν
374 546 464 609 λίθων
488 550 596 630 μικρῶν
620 545 716 630 [adde
738 544 799 608 lex.
823 545 1018 610 Philemonis
1040 545 1124 609 inod.
1148 549 1204 608 τῶν
1220 545 1287 608 καθ’
1305 545 1358 609 ἕνα

225 651 322 733 χειρὶ
343 649 494 732 ληφθῆναι
516 647 709 732 inseparatur}
754 647 873 710 Variae
896 647 995 729 igitur
1010 647 1186 711 sententiae
1200 647 1358 730 interpre-

225 757 274 816 tes
304 750 500 814 distinebant
527 749 565 814 de
593 749 707 826 forma,
736 749 869 830 origine,
892 748 1125 832 significatione
1146 749 1242 832 hujus
1265 770 1358 814 voca-

161 891 164 896 *
224 852 302 916 buli.
348 851 464 914 Utrum
488 852 609 915 enimi
632 853 724 935 χεροίς
747 873 787 914 an
811 852 843 913 τὸ
865 851 992 936 χέραδος
1015 851 1230 930 scribendum,
1254 873 1274 916 a
1295 856 1357 935 χεῖν

226 975 267 1020 an
289 958 354 1038 χεῖρ
378 953 558 1017 ducendum
581 959 673 1031 osset,
697 952 784 1016 haud
807 954 885 1016 satis
909 952 1087 1018 constabat.

329 1061 439 1138 χεῦαι
473 1060 504 1118 et
537 1058 630 1140 χυτή
662 1055 769 1139 (χαῖα).
799 1079 842 1136 ε,
868 1054 979 1118 scholl.
1007 1055 1032 1117 Z
1060 1057 1133 1118 464.
1163 1055 1194 1117 Ψ
1221 1058 1294 1119 256.
1322 1055 1356 1120 L.

227 1158 282 1222 Ar.
309 1161 379 1220 102.
1194 1237 1197 1240 .

327 1261 437 1341 χιτών
467 1257 514 1320 ἐπὶ
542 1259 592 1340 μὲν
621 1262 673 1320 τού
702 1259 849 1342 συνήθους
872 1261 940 1342 ἡμῖν
965 1258 1148 1342 [λεγομένου
1172 1261 1283 1342 ίμοίτιον
1305 1260 1357 1325 Et.

225 1359 282 1444 M.]
311 1360 338 1423 B
362 1365 412 1438 42,
443 1359 466 1422 ἐ.
490 1385 515 1422 τ.
539 1361 675 1444 θώρακος
696 1361 723 1422 Β
746 1365 818 1424 416.
844 1361 926 1444 [ὅθεν
949 1385 975 1422 κ.
998 1362 1217 1445 χαλκοχίτωνες
1239 1363 1266 1424 οἱ
1286 1365 1358 1445 χαλ-

143 1533 145 1536 ,
225 1464 397 1547 κοθώρακες
415 1462 467 1526 Et.
483 1462 553 1546 M.].
588 1463 611 1526 O
628 1511 634 1524 .
650 1463 679 1526 N
696 1466 757 1526 439
775 1463 819 1526 ὅτι
833 1501 874 1509 -
890 1464 937 1526 τὸν
953 1463 1077 1547 θώρακα
1091 1469 1202 1548 χιτῶνα
1216 1467 1356 1548 χαλκοῦν.

327 1565 527 1648 χωόμενος.
572 1564 736 1628 Articulus
751 1563 848 1645 plane
864 1566 1013 1646 congruit
1028 1587 1100 1630 oum
1115 1567 1185 1629 Arzi
1201 1567 1357 1646 doctrina,

224 1667 259 1730 in
281 1667 410 1732 scholiis
433 1667 475 1730 ad
500 1667 529 1730 Ψ
553 1670 624 1729 603.
649 1666 678 1728 (1)
703 1669 774 1728 519.
798 1666 900 1729 Ξ496
917 1672 991 1732 cett.
1009 1689 1172 1750 expressa,
1189 1689 1208 1731 a
1223 1669 1356 1734 Lehrsio

223 1769 387 1832 illustrata
413 1790 445 1850 p.
477 1771 547 1832 145.
593 1766 682 1844 Qvod
709 1789 784 1831 vero
813 1769 865 1831 hic
892 1769 969 1832 ibid.
999 1769 1089 1833 dicit:
1118 1769 1198 1852 „Sed
1227 1771 1259 1834 in
1282 1774 1357 1854 χώε-

225 1873 294 1935 σθαι
322 1871 501 1952 putaverim
530 1870 627 1952 etyrni
650 1870 822 1950 aucupium
846 1872 905 1956 (sc.
929 1892 949 1934 a
970 1871 1049 1956 χεῒν)
1071 1872 1104 1934 iu
1128 1893 1227 1936 causa
1249 1872 1356 1952 fuisse,

225 1980 262 2036 ut
288 1995 309 2036 a
331 1995 426 2037 sensu
448 1971 596 2037 vocabuli
619 1970 802 2035 aberraret“
826 2007 866 2018 —
890 1973 997 2036 nescio
1020 1994 1063 2036 au
1084 1972 1140 2040 Ar.
1163 1975 1267 2056 ipsam
1290 1996 1357 2040 rem

225 2096 286 2139 acu
308 2075 460 2158 tetigerit.
506 2073 579 2137 Vid.
604 2073 691 2136 Curt.
715 2073 766 2135 Et.
792 2077 863 2135 204.

330 2177 509 2260 Ψάμαθος
532 2176 547 2238 ὁ
571 2176 811 2259 παραθαλάττιος
833 2174 940 2259 ἄμμος.
985 2175 1123 2240 Prorsus
1144 2176 1221 2240 item
1245 2177 1354 2242 scholi.

226 2279 242 2342 I
266 2281 326 2341 385
350 2284 382 2342 ot
405 2280 421 2362 β
446 2281 517 2340 326.
561 2278 612 2355 Et,
636 2277 678 2339 M.
702 2277 752 2340 his
775 2276 878 2340 addit:
902 2277 982 2360 παρὰ
1005 2278 1037 2339 τὸ
1060 2278 1207 2362 ψαύεσθαι
1229 2280 1358 2364 ὑπὸτῆς

226 2381 376 2462 θαλάττης
401 2428 407 2442 .
432 2429 439 2442 .
464 2427 472 2442 .

328 2481 502 2565 ὠρησταί.
548 2480 669 2562 „Apion
692 2481 805 2544 maluit
828 2481 974 2563 accipere
995 2501 1055 2562 pro
1072 2483 1251 2564 composita
1265 2503 1357 2562 vooe;

224 2583 458 2664 interpretatus
486 2582 568 2644 enim
599 2587 656 2661 est,
685 2582 776 2664 qvasi
803 2582 963 2646 diceretur
990 2583 1148 2666 ὠμοέσται,
1176 2587 1357 2670 ὠμοφάγοι.“

226 2685 347 2748 δύναται
375 2685 408 2746 δὲ
434 2685 483 2746 καί
509 2685 684 2768 παραχωχὸν
714 2684 785 2746 εἶναι
812 2709 838 2746 κ.
869 2685 1075 2762 ὀξυτονεῖσθοιι,
1104 2685 1184 2770 παρὰ
1206 2689 1259 2771 τὴν
1282 2685 1357 2770 ὠρύ-

225 2813 308 2872 τητα·
332 2790 380 2852 καὶ
401 2787 457 2871 γὰρ
479 2789 639 2871 χηρωστὴς
661 2787 742 2871 παρὰ
764 2789 816 2871 τὴν
839 2789 970 2871 χηρείαν·
1017 2788 1081 2872 (De
1104 2788 1261 2871 ejusmodi
1276 2789 1358 2853 voci·

225 2891 286 2956 bus
308 2914 336 2956 v.
360 2892 471 2956 Lehrs.
495 2889 550 2952 Ar.
574 2911 605 2971 p.
631 2892 727 2971 309).
774 2891 821 2954 Ol.
843 2890 1049 2970 Philemonis,
1072 2890 1230 2954 aVillois.
1246 2892 1280 2954 iu
1295 2912 1359 2956 me-

227 2994 316 3057 dium
343 2994 480 3075 prolata,
510 2993 604 3056 haec:
633 2995 782 3076 ὠμησταίε
811 3030 852 3039 -
880 2993 907 3054 οἱ
934 2993 1003 3076 ὠμὰ
1033 2993 1187 3069 ἐσθίοντες,
1216 3033 1258 3042 -
1286 2994 1357 3078 ύπερ

226 3097 346 3183 βαρύνει
374 3093 551 3179 Τυραννίων,
579 3098 620 3162 ὡς
642 3095 781 3158 σύνθετον
806 3095 839 3157 ἐκ
861 3100 912 3157 τού
935 3095 1005 3180 ὠμὰ
1027 3097 1141 3159 ἐσθίειν.
1166 3095 1360 3180 Ἀρίσταρχος

226 3200 259 3261 δὲ
288 3199 381 3267 diciret
401 3197 500 3260 κανόνι
521 3197 644 3282 τοιούτῳ
669 3198 720 3276 „rel
743 3199 784 3266 εἰς
806 3221 858 3280 της
881 3205 921 3284 τῷ
945 3222 964 3281 η
988 3198 1229 3283 παραληχύμενα,
1252 3197 1360 3282 ἔχοντα

225 3302 282 3384 πρὸ
316 3305 368 3362 τού
401 3323 418 3362 τ
454 3300 486 3362 τὸ
514 3320 531 3362 σ
560 3300 631 3382 ὑπὲρ
661 3300 713 3362 δύο
742 3301 902 3385 συλλαβὰς,
931 3301 1085 3368 ὁξύνυνται·
1115 3302 1174 3364 οἷον
1201 3303 1358 3386 ἐρπηστής,

224 3404 383 3488 ὀρχηστής.
429 3401 475 3465 Of.
499 3401 598 3466 schol.
621 3402 652 3464 X
675 3407 725 3466 67.
748 3404 774 3466 Λ
797 3405 869 3466 454.
894 3401 919 3466 Ω
943 3407 995 3466 82.

328 3505 500 3587 ὠμοθετεῖν.
544 3504 676 3587 Integra
703 3505 797 3569 lexici
824 3505 1034 3587 paraphrasis
1055 3504 1168 3570 iisdem
1192 3505 1297 3572 verbis
1315 3507 1359 3570 le·

225 3607 367 3690 gitur-iu
391 3605 489 3670 schol.
513 3607 541 3668 A
563 3610 636 3669 461.
661 3606 707 3669 of.
731 3607 758 3669 B
781 3610 854 3669 461.
879 3607 892 3676 Ε
914 3611 986 3670 427.

329 3712 377 3778 ὥς
405 3709 425 3774 1.
455 3730 486 3790 q.
515 3708 618 3776 οὕτως.
647 3747 688 3756 -
716 3709 796 3771 Tum
825 3714 870 3777 ὡς
897 3731 957 3791 pro
987 3715 1193 3792 „tamqvam“,
1222 3711 1282 3787 ὅτε,
1306 3711 1359 3788 ὅτι,

227 3813 308 3894 πρός.
343 3811 538 3894 δασυνόμενον
567 3812 600 3872 δὲ
627 3834 654 3872 κ.
683 3815 902 3894 περισπώμενον
931 3812 964 3874 τὸ
992 3813 1043 3888 ὥς,
1071 3813 1103 3875 τὸ
1132 3813 1242 3897 ὁμοίως
1271 3811 1359 3896 (Vill.

228 3913 324 3998 ὅμως)
353 3949 394 3962 -
421 3951 464 3961 -
492 3913 583 3992 „atta
610 3915 659 3976 καὶ
685 3915 741 3982 ὥςιι
763 3915 793 3976 Α
818 3917 878 3978 116
900 3939 926 3976 κ.
951 3913 1030 3992 „alr
1056 3913 1117 3977 οὐδ’
1142 3917 1199 3984 ὧς“
1221 3941 1241 3979 α
1264 3917 1294 3981 6.
1318 3953 1359 3963 -

226 4016 291 4079 Diu
313 4037 348 4079 se
370 4015 556 4080 observasse
579 4015 678 4080 Lehrs
702 4017 787 4093 dicit,
811 4016 1005 4098 particulam
1027 4021 1067 4085 ὡς
1090 4039 1141 4100 ap.
1157 4017 1251 4083 Hom.
1268 4041 1359 4083 num·

226 4138 322 4198 qvam
338 4117 519 4198 significare
534 4117 568 4180 id
584 4117 667 4198 qvod
683 4139 734 4200 ap.
747 4119 871 4182 Atticos
884 4119 1070 4201 saepissime
1082 4119 1239 4202 significet
1251 4127 1359 4200 „nam“
