<?xml version="1.0" encoding="UTF-8"?>
<!DOCTYPE html PUBLIC "-//W3C//DTD XHTML 1.0 Transitional//EN"
    "http://www.w3.org/TR/xhtml1/DTD/xhtml1-transitional.dtd">
<html xmlns="http://www.w3.org/1999/xhtml" xml:lang="en" lang="en">
 <head>
  <title>
</title>
<meta http-equiv="Content-Type" content="text/html;charset=utf-8" />
  <meta name='ocr-system' content='tesseract 3.04.00' />
  <meta name='ocr-capabilities' content='ocr_page ocr_carea ocr_par ocr_line ocrx_word'/>
</head>
<body>
  <div class='ocr_page' id='page_1' title='image "./dearistarcholex00forsgoog_0129.png"; bbox 0 0 3108 4870; ppageno 0'>
   <div class='ocr_carea' id='block_1_1' title="bbox 334 322 393 382">
    <p class='ocr_par' dir='ltr' id='par_1_1' title="bbox 334 322 393 382">
     <span class='ocr_line' id='line_1_1' title="bbox 334 322 393 382; baseline 0 -1"><span class='ocrx_word' id='word_1_1' title='bbox 334 322 393 382; x_wconf 84' lang='lat'><strong>122</strong></span> 
     </span>
    </p>
   </div>
   <div class='ocr_carea' id='block_1_2' title="bbox 286 503 1448 1104">
    <p class='ocr_par' dir='ltr' id='par_1_2' title="bbox 286 503 1448 1104">
     <span class='ocr_line' id='line_1_2' title="bbox 288 503 1390 590; baseline 0.001 -21"><span class='ocrx_word' id='word_1_2' title='bbox 288 504 382 570; x_wconf 89' lang='lat' dir='ltr'><strong>mulis</strong></span> <span class='ocrx_word' id='word_1_3' title='bbox 411 506 574 590; x_wconf 74' lang='lat' dir='ltr'>anonymis</span> <span class='ocrx_word' id='word_1_4' title='bbox 595 504 726 583; x_wconf 88' lang='lat' dir='ltr'><strong>lateant,</strong></span> <span class='ocrx_word' id='word_1_5' title='bbox 749 505 835 570; x_wconf 84' lang='lat' dir='ltr'><strong>haud</strong></span> <span class='ocrx_word' id='word_1_6' title='bbox 857 503 950 570; x_wconf 84' lang='lat' dir='ltr'><strong>facile</strong></span> <span class='ocrx_word' id='word_1_7' title='bbox 972 512 1020 570; x_wconf 87' lang='lat' dir='ltr'><strong>est</strong></span> <span class='ocrx_word' id='word_1_8' title='bbox 1042 503 1137 570; x_wconf 90' lang='lat' dir='ltr'><strong>dictu.</strong></span> <span class='ocrx_word' id='word_1_9' title='bbox 1181 505 1390 570; x_wconf 78' lang='lat' dir='ltr'><strong>Aristarchum</strong></span> 
     </span>
     <span class='ocr_line' id='line_1_3' title="bbox 289 607 1391 692; baseline 0.002 -20"><span class='ocrx_word' id='word_1_10' title='bbox 289 607 413 692; x_wconf 83' lang='lat' dir='ltr'><strong>quidem</strong></span> <span class='ocrx_word' id='word_1_11' title='bbox 440 608 633 674; x_wconf 84' lang='lat' dir='ltr'><strong>scholiorum</strong></span> <span class='ocrx_word' id='word_1_12' title='bbox 661 607 854 674; x_wconf 84' lang='lat' dir='ltr'>Venetorum</span> <span class='ocrx_word' id='word_1_13' title='bbox 884 628 1039 674; x_wconf 89' lang='lat' dir='ltr'><strong>consensu</strong></span> <span class='ocrx_word' id='word_1_14' title='bbox 1065 607 1159 674; x_wconf 83' lang='lat' dir='ltr'><strong>facile</strong></span> <span class='ocrx_word' id='word_1_15' title='bbox 1185 609 1391 692; x_wconf 73' lang='lat' dir='ltr'><strong>agnoscimus,</strong></span> 
     </span>
     <span class='ocr_line' id='line_1_4' title="bbox 287 709 1448 795; baseline 0 -19"><span class='ocrx_word' id='word_1_16' title='bbox 287 717 319 776; x_wconf 93' lang='lat' dir='ltr'><strong>et</strong></span> <span class='ocrx_word' id='word_1_17' title='bbox 340 711 474 776; x_wconf 88' lang='lat' dir='ltr'><strong>aliorum</strong></span> <span class='ocrx_word' id='word_1_18' title='bbox 497 731 617 794; x_wconf 87' lang='lat' dir='ltr'><strong>qvoqve</strong></span> <span class='ocrx_word' id='word_1_19' title='bbox 637 709 804 776; x_wconf 90' lang='lat' dir='ltr'><strong>nonnullos</strong></span> <span class='ocrx_word' id='word_1_20' title='bbox 819 715 855 776; x_wconf 90' lang='lat' dir='ltr'><strong>ut</strong></span> <span class='ocrx_word' id='word_1_21' title='bbox 870 710 1151 794; x_wconf 77' lang='lat' dir='ltr'>deprehendamus,</span> <span class='ocrx_word' id='word_1_22' title='bbox 1167 733 1392 795; x_wconf 86' lang='lat' dir='ltr'><strong>nonnumquam</strong></span> <span class='ocrx_word' id='word_1_23' title='bbox 1447 713 1448 716; x_wconf 71' lang='grc'>’</span> 
     </span>
     <span class='ocr_line' id='line_1_5' title="bbox 286 812 1393 898; baseline 0 -18"><span class='ocrx_word' id='word_1_24' title='bbox 286 815 378 880; x_wconf 91' lang='lat' dir='ltr'><strong>nobis</strong></span> <span class='ocrx_word' id='word_1_25' title='bbox 399 814 563 898; x_wconf 87' lang='lat' dir='ltr'><strong>contingit,</strong></span> <span class='ocrx_word' id='word_1_26' title='bbox 586 835 613 876; x_wconf 92' lang='grc' dir='ltr'><strong>ν.</strong></span> <span class='ocrx_word' id='word_1_27' title='bbox 637 833 663 877; x_wconf 92' lang='lat' dir='ltr'><strong>o.</strong></span> <span class='ocrx_word' id='word_1_28' title='bbox 686 813 759 879; x_wconf 89' lang='lat' dir='ltr'><strong>hos:</strong></span> <span class='ocrx_word' id='word_1_29' title='bbox 781 812 1036 898; x_wconf 87' lang='lat' dir='ltr'><strong>glossographos,</strong></span> <span class='ocrx_word' id='word_1_30' title='bbox 1051 814 1257 893; x_wconf 90' lang='lat' dir='ltr'><strong>Zenodotum,</strong></span> <span class='ocrx_word' id='word_1_31' title='bbox 1272 814 1393 898; x_wconf 91' lang='lat' dir='ltr'><strong>Apollo-</strong></span> 
     </span>
     <span class='ocr_line' id='line_1_6' title="bbox 287 915 1394 1000; baseline 0 -18"><span class='ocrx_word' id='word_1_32' title='bbox 287 917 410 995; x_wconf 89' lang='lat' dir='ltr'><strong>dorum,</strong></span> <span class='ocrx_word' id='word_1_33' title='bbox 432 916 659 994; x_wconf 88' lang='lat' dir='ltr'><strong>Ascalonitnm,</strong></span> <span class='ocrx_word' id='word_1_34' title='bbox 681 915 845 998; x_wconf 88' lang='lat' dir='ltr'><strong>Apicuem.</strong></span> <span class='ocrx_word' id='word_1_35' title='bbox 890 915 953 982; x_wconf 89' lang='lat' dir='ltr'><strong>Sed</strong></span> <span class='ocrx_word' id='word_1_36' title='bbox 976 916 1159 1000; x_wconf 79' lang='lat' dir='ltr'><strong>plerumque</strong></span> <span class='ocrx_word' id='word_1_37' title='bbox 1181 923 1305 982; x_wconf 86' lang='lat' dir='ltr'><strong>tentum</strong></span> <span class='ocrx_word' id='word_1_38' title='bbox 1326 939 1394 982; x_wconf 89' lang='lat' dir='ltr'><strong>con·</strong></span> 
     </span>
     <span class='ocr_line' id='line_1_7' title="bbox 286 1018 1393 1104; baseline -0.002 -18"><span class='ocrx_word' id='word_1_39' title='bbox 286 1027 352 1086; x_wconf 88' lang='lat' dir='ltr'><strong>stat</strong></span> <span class='ocrx_word' id='word_1_40' title='bbox 378 1041 433 1086; x_wconf 89' lang='lat' dir='ltr'><strong>eos</strong></span> <span class='ocrx_word' id='word_1_41' title='bbox 454 1019 551 1086; x_wconf 87' lang='lat' dir='ltr'><strong>fuisse</strong></span> <span class='ocrx_word' id='word_1_42' title='bbox 572 1019 797 1101; x_wconf 86' lang='lat' dir='ltr'><strong>grammaticos</strong></span> <span class='ocrx_word' id='word_1_43' title='bbox 819 1023 861 1098; x_wconf 87' lang='lat' dir='ltr'><strong>ct,</strong></span> <span class='ocrx_word' id='word_1_44' title='bbox 883 1019 916 1082; x_wconf 95' lang='lat' dir='ltr'><strong>ni</strong></span> <span class='ocrx_word' id='word_1_45' title='bbox 938 1018 1041 1098; x_wconf 86' lang='lat' dir='ltr'><strong>fallor,</strong></span> <span class='ocrx_word' id='word_1_46' title='bbox 1064 1020 1241 1086; x_wconf 82' lang='lat' dir='ltr'><strong>Aristarchi</strong></span> <span class='ocrx_word' id='word_1_47' title='bbox 1264 1020 1393 1104; x_wconf 91' lang='lat' dir='ltr'><strong>discipu-</strong></span> 
     </span>
    </p>
   </div>
   <div class='ocr_carea' id='block_1_3' title="bbox 285 1120 1510 1206">
    <p class='ocr_par' dir='ltr' id='par_1_3' title="bbox 285 1120 1510 1206">
     <span class='ocr_line' id='line_1_8' title="bbox 285 1120 1510 1206; baseline -0.003 -18"><span class='ocrx_word' id='word_1_48' title='bbox 285 1123 343 1190; x_wconf 87' lang='lat' dir='ltr'><strong>los.</strong></span> <span class='ocrx_word' id='word_1_49' title='bbox 388 1125 435 1189; x_wconf 93' lang='lat' dir='ltr'><strong>Ac</strong></span> <span class='ocrx_word' id='word_1_50' title='bbox 456 1121 609 1188; x_wconf 75' lang='lat' dir='ltr'><strong>Zenodoti</strong></span> <span class='ocrx_word' id='word_1_51' title='bbox 630 1120 803 1186; x_wconf 86' lang='lat' dir='ltr'><strong>sententias</strong></span> <span class='ocrx_word' id='word_1_52' title='bbox 824 1143 889 1186; x_wconf 88' lang='lat' dir='ltr'><strong>uns</strong></span> <span class='ocrx_word' id='word_1_53' title='bbox 911 1143 982 1186; x_wconf 91' lang='lat' dir='ltr'><strong>cum</strong></span> <span class='ocrx_word' id='word_1_54' title='bbox 1002 1123 1180 1188; x_wconf 79' lang='lat' dir='ltr'><strong>Aristarchi</strong></span> <span class='ocrx_word' id='word_1_55' title='bbox 1194 1123 1320 1206; x_wconf 80' lang='lat' dir='ltr'><strong>placitis</strong></span> <span class='ocrx_word' id='word_1_56' title='bbox 1335 1129 1394 1188; x_wconf 89' lang='lat' dir='ltr'><strong>tra·</strong></span> <span class='ocrx_word' id='word_1_57' title='bbox 1509 1137 1510 1184; x_wconf 58' lang='grc' dir='ltr'>ἲ</span> 
     </span>
    </p>
   </div>
   <div class='ocr_carea' id='block_1_4' title="bbox 284 1223 1396 1928">
    <p class='ocr_par' dir='ltr' id='par_1_4' title="bbox 284 1223 1396 1928">
     <span class='ocr_line' id='line_1_9' title="bbox 286 1223 1394 1310; baseline -0.002 -18"><span class='ocrx_word' id='word_1_58' title='bbox 286 1227 369 1292; x_wconf 86' lang='lat' dir='ltr'><strong>dites</strong></span> <span class='ocrx_word' id='word_1_59' title='bbox 396 1247 465 1310; x_wconf 81' lang='lat' dir='ltr'><strong>esse</strong></span> <span class='ocrx_word' id='word_1_60' title='bbox 491 1247 549 1308; x_wconf 93' lang='lat' dir='ltr'><strong>pro</strong></span> <span class='ocrx_word' id='word_1_61' title='bbox 578 1229 665 1290; x_wconf 91' lang='lat' dir='ltr'><strong>certo</strong></span> <span class='ocrx_word' id='word_1_62' title='bbox 693 1224 775 1288; x_wconf 88' lang='lat' dir='ltr'><strong>sumi</strong></span> <span class='ocrx_word' id='word_1_63' title='bbox 803 1224 934 1308; x_wconf 90' lang='lat' dir='ltr'><strong>poterit;</strong></span> <span class='ocrx_word' id='word_1_64' title='bbox 962 1223 1099 1290; x_wconf 84' lang='lat' dir='ltr'><strong>fortasse</strong></span> <span class='ocrx_word' id='word_1_65' title='bbox 1120 1246 1160 1290; x_wconf 89' lang='lat' dir='ltr'><strong>ex</strong></span> <span class='ocrx_word' id='word_1_66' title='bbox 1181 1226 1293 1292; x_wconf 91' lang='lat' dir='ltr'><strong>eodem</strong></span> <span class='ocrx_word' id='word_1_67' title='bbox 1315 1227 1394 1292; x_wconf 82' lang='lat' dir='ltr'><strong>tonte</strong></span> 
     </span>
     <span class='ocr_line' id='line_1_10' title="bbox 285 1325 1394 1412; baseline -0.002 -16"><span class='ocrx_word' id='word_1_68' title='bbox 285 1330 350 1396; x_wconf 86' lang='lat' dir='ltr'><strong>alia</strong></span> <span class='ocrx_word' id='word_1_69' title='bbox 372 1349 492 1412; x_wconf 82' lang='lat' dir='ltr'><strong>qvoqve</strong></span> <span class='ocrx_word' id='word_1_70' title='bbox 513 1326 667 1394; x_wconf 89' lang='lat' dir='ltr'><strong>nonnulla</strong></span> <span class='ocrx_word' id='word_1_71' title='bbox 687 1325 906 1410; x_wconf 86' lang='lat' dir='ltr'><strong>profluxerint.</strong></span> <span class='ocrx_word' id='word_1_72' title='bbox 951 1326 1013 1392; x_wconf 84' lang='lat' dir='ltr'><strong>Sed</strong></span> <span class='ocrx_word' id='word_1_73' title='bbox 1036 1348 1144 1394; x_wconf 88' lang='lat' dir='ltr'><strong>omnes</strong></span> <span class='ocrx_word' id='word_1_74' title='bbox 1163 1328 1394 1412; x_wconf 84' lang='lat' dir='ltr'><strong>explicationes,</strong></span> 
     </span>
     <span class='ocr_line' id='line_1_11' title="bbox 285 1429 1395 1516; baseline -0.003 -17"><span class='ocrx_word' id='word_1_75' title='bbox 285 1455 306 1499; x_wconf 86' lang='lat' dir='ltr'><strong>a</strong></span> <span class='ocrx_word' id='word_1_76' title='bbox 332 1452 516 1516; x_wconf 84' lang='lat' dir='ltr'><strong>quocunque</strong></span> <span class='ocrx_word' id='word_1_77' title='bbox 544 1429 688 1514; x_wconf 83' lang='lat' dir='ltr'><strong>singulas</strong></span> <span class='ocrx_word' id='word_1_78' title='bbox 713 1436 786 1496; x_wconf 87' lang='lat' dir='ltr'><strong>sunt</strong></span> <span class='ocrx_word' id='word_1_79' title='bbox 809 1435 959 1495; x_wconf 87' lang='lat' dir='ltr'><strong>exaratae</strong></span> <span class='ocrx_word' id='word_1_80' title='bbox 981 1437 1013 1496; x_wconf 91' lang='lat' dir='ltr'><strong>et</strong></span> <span class='ocrx_word' id='word_1_81' title='bbox 1034 1430 1242 1515; x_wconf 81' lang='lat' dir='ltr'><strong>undecunque</strong></span> <span class='ocrx_word' id='word_1_82' title='bbox 1264 1433 1395 1514; x_wconf 90' lang='lat' dir='ltr'><strong>primum</strong></span> 
     </span>
     <span class='ocr_line' id='line_1_12' title="bbox 285 1535 1396 1617; baseline -0.004 -15"><span class='ocrx_word' id='word_1_83' title='bbox 285 1543 385 1614; x_wconf 85' lang='lat' dir='ltr'><strong>ortae,</strong></span> <span class='ocrx_word' id='word_1_84' title='bbox 413 1556 476 1602; x_wconf 89' lang='lat' dir='ltr'><strong>non</strong></span> <span class='ocrx_word' id='word_1_85' title='bbox 503 1540 610 1600; x_wconf 90' lang='lat' dir='ltr'><strong>tamen</strong></span> <span class='ocrx_word' id='word_1_86' title='bbox 638 1555 658 1598; x_wconf 91' lang='lat' dir='ltr'><strong>a</strong></span> <span class='ocrx_word' id='word_1_87' title='bbox 687 1553 744 1598; x_wconf 87' lang='lat' dir='ltr'><strong>suo</strong></span> <span class='ocrx_word' id='word_1_88' title='bbox 768 1553 909 1616; x_wconf 81' lang='lat' dir='ltr'><strong>quaeque</strong></span> <span class='ocrx_word' id='word_1_89' title='bbox 931 1539 1062 1600; x_wconf 90' lang='lat' dir='ltr'><strong>auctore</strong></span> <span class='ocrx_word' id='word_1_90' title='bbox 1084 1539 1244 1617; x_wconf 82' lang='lat' dir='ltr'><strong>acceptae,</strong></span> <span class='ocrx_word' id='word_1_91' title='bbox 1268 1535 1323 1600; x_wconf 92' lang='lat' dir='ltr'><strong>sed</strong></span> <span class='ocrx_word' id='word_1_92' title='bbox 1343 1555 1396 1617; x_wconf 91' lang='lat' dir='ltr'><strong>per</strong></span> 
     </span>
     <span class='ocr_line' id='line_1_13' title="bbox 285 1635 1396 1721; baseline 0.002 -19"><span class='ocrx_word' id='word_1_93' title='bbox 285 1638 422 1704; x_wconf 89' lang='lat' dir='ltr'><strong>medium</strong></span> <span class='ocrx_word' id='word_1_94' title='bbox 444 1637 599 1721; x_wconf 83' lang='lat' dir='ltr'><strong>quendam</strong></span> <span class='ocrx_word' id='word_1_95' title='bbox 622 1635 799 1720; x_wconf 87' lang='lat' dir='ltr'><strong>glossarum</strong></span> <span class='ocrx_word' id='word_1_96' title='bbox 821 1635 1022 1702; x_wconf 86' lang='lat' dir='ltr'><strong>collectorem</strong></span> <span class='ocrx_word' id='word_1_97' title='bbox 1044 1637 1076 1702; x_wconf 92' lang='lat' dir='ltr'><strong>in</strong></span> <span class='ocrx_word' id='word_1_98' title='bbox 1099 1637 1223 1704; x_wconf 83' lang='lat' dir='ltr'><strong>lexicon</strong></span> <span class='ocrx_word' id='word_1_99' title='bbox 1238 1638 1396 1704; x_wconf 85' lang='lat' dir='ltr'><strong>influxisse</strong></span> 
     </span>
     <span class='ocr_line' id='line_1_14' title="bbox 285 1738 1396 1825; baseline 0 -19"><span class='ocrx_word' id='word_1_100' title='bbox 285 1741 439 1808; x_wconf 88' lang='lat' dir='ltr'><strong>videntur.</strong></span> <span class='ocrx_word' id='word_1_101' title='bbox 484 1739 518 1804; x_wconf 84' lang='lat' dir='ltr'><strong>Si</strong></span> <span class='ocrx_word' id='word_1_102' title='bbox 550 1739 633 1803; x_wconf 90' lang='lat' dir='ltr'><strong>enim</strong></span> <span class='ocrx_word' id='word_1_103' title='bbox 661 1738 886 1822; x_wconf 79' lang='lat' dir='ltr'><strong>explicationes</strong></span> <span class='ocrx_word' id='word_1_104' title='bbox 915 1739 996 1817; x_wconf 86' lang='lat' dir='ltr'><strong>illes,</strong></span> <span class='ocrx_word' id='word_1_105' title='bbox 1024 1761 1119 1823; x_wconf 87' lang='lat' dir='ltr'><strong>saepe</strong></span> <span class='ocrx_word' id='word_1_106' title='bbox 1146 1742 1229 1806; x_wconf 88' lang='lat' dir='ltr'><strong>inter</strong></span> <span class='ocrx_word' id='word_1_107' title='bbox 1252 1763 1287 1808; x_wconf 88' lang='lat' dir='ltr'><strong>ee</strong></span> <span class='ocrx_word' id='word_1_108' title='bbox 1309 1762 1396 1825; x_wconf 88' lang='lat' dir='ltr'><strong>repu-</strong></span> 
     </span>
     <span class='ocr_line' id='line_1_15' title="bbox 284 1841 1396 1928; baseline 0 -19"><span class='ocrx_word' id='word_1_109' title='bbox 284 1850 417 1928; x_wconf 89' lang='lat' dir='ltr'><strong>gnantes</strong></span> <span class='ocrx_word' id='word_1_110' title='bbox 444 1849 476 1908; x_wconf 89' lang='lat' dir='ltr'><strong>st</strong></span> <span class='ocrx_word' id='word_1_111' title='bbox 502 1841 690 1920; x_wconf 88' lang='lat' dir='ltr'><strong>contrarias,</strong></span> <span class='ocrx_word' id='word_1_112' title='bbox 719 1861 829 1906; x_wconf 88' lang='lat' dir='ltr'><strong>omnes</strong></span> <span class='ocrx_word' id='word_1_113' title='bbox 851 1861 890 1905; x_wconf 92' lang='lat' dir='ltr'><strong>ex</strong></span> <span class='ocrx_word' id='word_1_114' title='bbox 911 1843 1088 1908; x_wconf 86' lang='lat' dir='ltr'><strong>Aristarchi</strong></span> <span class='ocrx_word' id='word_1_115' title='bbox 1111 1845 1304 1910; x_wconf 87' lang='lat' dir='ltr'><strong>auctoritate</strong></span> <span class='ocrx_word' id='word_1_116' title='bbox 1325 1845 1396 1910; x_wconf 88' lang='lat' dir='ltr'><strong>lexi-</strong></span> 
     </span>
    </p>
   </div>
   <div class='ocr_carea' id='block_1_5' title="bbox 284 1943 1510 2031">
    <p class='ocr_par' dir='ltr' id='par_1_5' title="bbox 284 1943 1510 2031">
     <span class='ocr_line' id='line_1_16' title="bbox 284 1943 1510 2031; baseline 0 -19"><span class='ocrx_word' id='word_1_117' title='bbox 284 1945 464 2031; x_wconf 87' lang='lat' dir='ltr'><strong>cographus</strong></span> <span class='ocrx_word' id='word_1_118' title='bbox 486 1943 692 2028; x_wconf 86' lang='lat' dir='ltr'><strong>cognovisset,</strong></span> <span class='ocrx_word' id='word_1_119' title='bbox 715 1951 791 2008; x_wconf 91' lang='lat' dir='ltr'><strong>tunc</strong></span> <span class='ocrx_word' id='word_1_120' title='bbox 813 1950 898 2010; x_wconf 89' lang='lat' dir='ltr'><strong>certe</strong></span> <span class='ocrx_word' id='word_1_121' title='bbox 921 1965 985 2009; x_wconf 90' lang='lat' dir='ltr'><strong>una</strong></span> <span class='ocrx_word' id='word_1_122' title='bbox 1007 1967 1077 2010; x_wconf 91' lang='lat' dir='ltr'><strong>cum</strong></span> <span class='ocrx_word' id='word_1_123' title='bbox 1099 1947 1170 2030; x_wconf 85' lang='lat' dir='ltr'><strong>ipss</strong></span> <span class='ocrx_word' id='word_1_124' title='bbox 1191 1949 1333 2014; x_wconf 88' lang='lat' dir='ltr'><strong>auctoris</strong></span> <span class='ocrx_word' id='word_1_125' title='bbox 1354 1949 1396 2012; x_wconf 90' lang='lat' dir='ltr'><strong>in·</strong></span> <span class='ocrx_word' id='word_1_126' title='bbox 1509 1967 1510 1984; x_wconf 51' lang='grc' dir='ltr'>ν</span> 
     </span>
    </p>
   </div>
   <div class='ocr_carea' id='block_1_6' title="bbox 281 2045 1510 3076">
    <p class='ocr_par' dir='ltr' id='par_1_6' title="bbox 281 2023 1510 2652">
     <span class='ocr_line' id='line_1_17' title="bbox 283 2045 1397 2133; baseline 0 -17"><span class='ocrx_word' id='word_1_127' title='bbox 283 2048 511 2133; x_wconf 85' lang='lat' dir='ltr'><strong>terpretotione</strong></span> <span class='ocrx_word' id='word_1_128' title='bbox 533 2047 651 2130; x_wconf 81' lang='lat' dir='ltr'><strong>aliquot</strong></span> <span class='ocrx_word' id='word_1_129' title='bbox 674 2045 786 2112; x_wconf 89' lang='lat' dir='ltr'><strong>saltem</strong></span> <span class='ocrx_word' id='word_1_130' title='bbox 807 2047 904 2112; x_wconf 85' lang='lat' dir='ltr'><strong>rerba</strong></span> <span class='ocrx_word' id='word_1_131' title='bbox 926 2048 967 2112; x_wconf 92' lang='lat' dir='ltr'><strong>ad</strong></span> <span class='ocrx_word' id='word_1_132' title='bbox 990 2049 1188 2116; x_wconf 84' lang='lat' dir='ltr'><strong>adversarios</strong></span> <span class='ocrx_word' id='word_1_133' title='bbox 1209 2051 1397 2118; x_wconf 86' lang='lat' dir='ltr'><strong>refellendos</strong></span> 
     </span>
     <span class='ocr_line' id='line_1_18' title="bbox 283 2141 1510 2237; baseline 0 -19"><span class='ocrx_word' id='word_1_134' title='bbox 283 2152 403 2218; x_wconf 89' lang='lat' dir='ltr'><strong>tradita</strong></span> <span class='ocrx_word' id='word_1_135' title='bbox 429 2157 461 2216; x_wconf 90' lang='lat' dir='ltr'><strong>et</strong></span> <span class='ocrx_word' id='word_1_136' title='bbox 482 2151 589 2215; x_wconf 86' lang='lat' dir='ltr'><strong>omnia</strong></span> <span class='ocrx_word' id='word_1_137' title='bbox 609 2149 710 2234; x_wconf 84' lang='lat' dir='ltr'><strong>magis</strong></span> <span class='ocrx_word' id='word_1_138' title='bbox 733 2171 773 2214; x_wconf 84' lang='lat' dir='ltr'><strong>ex</strong></span> <span class='ocrx_word' id='word_1_139' title='bbox 794 2150 861 2216; x_wconf 75' lang='lat' dir='ltr'><strong>Arri</strong></span> <span class='ocrx_word' id='word_1_140' title='bbox 883 2151 989 2218; x_wconf 85' lang='lat' dir='ltr'><strong>animo</strong></span> <span class='ocrx_word' id='word_1_141' title='bbox 1011 2152 1140 2236; x_wconf 84' lang='lat' dir='ltr'><strong>ejusque</strong></span> <span class='ocrx_word' id='word_1_142' title='bbox 1162 2155 1253 2237; x_wconf 83' lang='lat' dir='ltr'><strong>quasi</strong></span> <span class='ocrx_word' id='word_1_143' title='bbox 1275 2155 1397 2220; x_wconf 89' lang='lat' dir='ltr'><strong>nomino</strong></span> <span class='ocrx_word' id='word_1_144' title='bbox 1509 2141 1510 2144; x_wconf 25' lang='lat'>¹</span> 
     </span>
     <span class='ocr_line' id='line_1_19' title="bbox 283 2253 1397 2340; baseline 0.002 -20"><span class='ocrx_word' id='word_1_145' title='bbox 283 2256 369 2322; x_wconf 83' lang='lat' dir='ltr'><strong>dicta</strong></span> <span class='ocrx_word' id='word_1_146' title='bbox 390 2259 503 2320; x_wconf 89' lang='lat' dir='ltr'><strong>essent.</strong></span> <span class='ocrx_word' id='word_1_147' title='bbox 548 2253 626 2318; x_wconf 83' lang='lat' dir='ltr'><strong>Cum</strong></span> <span class='ocrx_word' id='word_1_148' title='bbox 649 2273 724 2318; x_wconf 85' lang='lat' dir='ltr'><strong>vero</strong></span> <span class='ocrx_word' id='word_1_149' title='bbox 745 2253 853 2318; x_wconf 88' lang='lat' dir='ltr'><strong>variae</strong></span> <span class='ocrx_word' id='word_1_150' title='bbox 873 2256 1056 2334; x_wconf 86' lang='lat' dir='ltr'><strong>sententiae,</strong></span> <span class='ocrx_word' id='word_1_151' title='bbox 1077 2256 1165 2322; x_wconf 83' lang='lat' dir='ltr'><strong>nulla</strong></span> <span class='ocrx_word' id='word_1_152' title='bbox 1180 2257 1296 2323; x_wconf 89' lang='lat' dir='ltr'><strong>ceteris</strong></span> <span class='ocrx_word' id='word_1_153' title='bbox 1311 2277 1397 2340; x_wconf 82' lang='lat' dir='ltr'><strong>prae·</strong></span> 
     </span>
     <span class='ocr_line' id='line_1_20' title="bbox 282 2345 1397 2448; baseline 0 -26"><span class='ocrx_word' id='word_1_154' title='bbox 282 2359 350 2424; x_wconf 84' lang='lat' dir='ltr'><strong>lata</strong></span> <span class='ocrx_word' id='word_1_155' title='bbox 373 2379 412 2423; x_wconf 86' lang='lat' dir='ltr'><strong>ac</strong></span> <span class='ocrx_word' id='word_1_156' title='bbox 433 2356 520 2425; x_wconf 90' lang='lat' dir='ltr'><strong>nullo</strong></span> <span class='ocrx_word' id='word_1_157' title='bbox 542 2345 611 2421; x_wconf 86' lang='lat' dir='ltr'><strong>fere</strong></span> <span class='ocrx_word' id='word_1_158' title='bbox 630 2356 712 2422; x_wconf 91' lang='lat' dir='ltr'><strong>inter</strong></span> <span class='ocrx_word' id='word_1_159' title='bbox 727 2377 761 2421; x_wconf 91' lang='lat' dir='ltr'><strong>se</strong></span> <span class='ocrx_word' id='word_1_160' title='bbox 775 2377 867 2436; x_wconf 85' lang='lat' dir='ltr'><strong>nexu,</strong></span> <span class='ocrx_word' id='word_1_161' title='bbox 884 2356 1069 2438; x_wconf 83' lang='lat' dir='ltr'><strong>afferantur,</strong></span> <span class='ocrx_word' id='word_1_162' title='bbox 1084 2358 1163 2426; x_wconf 91' lang='lat' dir='ltr'><strong>haec</strong></span> <span class='ocrx_word' id='word_1_163' title='bbox 1178 2380 1194 2424; x_wconf 92' lang='lat' dir='ltr'><strong>e</strong></span> <span class='ocrx_word' id='word_1_164' title='bbox 1208 2360 1397 2448; x_wconf 85' lang='lat' dir='ltr'><strong>scholiorum</strong></span> 
     </span>
     <span class='ocr_line' id='line_1_21' title="bbox 283 2459 1397 2546; baseline -0.003 -17"><span class='ocrx_word' id='word_1_165' title='bbox 283 2482 417 2546; x_wconf 89' lang='lat' dir='ltr'><strong>corpore</strong></span> <span class='ocrx_word' id='word_1_166' title='bbox 443 2481 491 2540; x_wconf 91' lang='lat' dir='ltr'><strong>eo,</strong></span> <span class='ocrx_word' id='word_1_167' title='bbox 520 2460 559 2525; x_wconf 93' lang='lat' dir='ltr'><strong>de</strong></span> <span class='ocrx_word' id='word_1_168' title='bbox 586 2479 648 2544; x_wconf 85' lang='lat' dir='ltr'><strong>qva</strong></span> <span class='ocrx_word' id='word_1_169' title='bbox 670 2459 739 2544; x_wconf 89' lang='lat' dir='ltr'><strong>jam</strong></span> <span class='ocrx_word' id='word_1_170' title='bbox 764 2479 862 2542; x_wconf 85' lang='lat' dir='ltr'><strong>supra</strong></span> <span class='ocrx_word' id='word_1_171' title='bbox 889 2461 954 2526; x_wconf 87' lang='lat' dir='ltr'><strong>dixi</strong></span> <span class='ocrx_word' id='word_1_172' title='bbox 981 2466 1028 2546; x_wconf 90' lang='lat' dir='ltr'><strong>(p.</strong></span> <span class='ocrx_word' id='word_1_173' title='bbox 1061 2467 1108 2542; x_wconf 87' lang='grc'><strong>16,</strong></span> <span class='ocrx_word' id='word_1_174' title='bbox 1138 2465 1193 2546; x_wconf 83' lang='grc'><strong>52)</strong></span> <span class='ocrx_word' id='word_1_175' title='bbox 1221 2465 1254 2528; x_wconf 93' lang='lat' dir='ltr'><strong>in</strong></span> <span class='ocrx_word' id='word_1_176' title='bbox 1278 2465 1397 2530; x_wconf 86' lang='lat' dir='ltr'><strong>lexicon</strong></span> 
     </span>
     <span class='ocr_line' id='line_1_22' title="bbox 281 2563 697 2652; baseline -0.007 -20"><span class='ocrx_word' id='word_1_177' title='bbox 281 2567 479 2652; x_wconf 81' lang='lat' dir='ltr'><strong>immigrasse</strong></span> <span class='ocrx_word' id='word_1_178' title='bbox 501 2563 653 2630; x_wconf 90' lang='lat' dir='ltr'><strong>videntur.</strong></span> <span class='ocrx_word' id='word_1_179' title='bbox 666 2567 697 2648; x_wconf 88' lang='lat'><strong>*)</strong></span> 
     </span>
    </p>

    <p class='ocr_par' dir='ltr' id='par_1_7' title="bbox 281 2669 1510 3076">
     <span class='ocr_line' id='line_1_23' title="bbox 383 2669 1397 2755; baseline 0 -21"><span class='ocrx_word' id='word_1_180' title='bbox 383 2671 543 2738; x_wconf 80' lang='grc' dir='ltr'><strong>ἀάπτους</strong></span> <span class='ocrx_word' id='word_1_181' title='bbox 562 2669 589 2732; x_wconf 85' lang='lat' dir='ltr'><strong>ol</strong></span> <span class='ocrx_word' id='word_1_182' title='bbox 610 2669 660 2752; x_wconf 81' lang='grc' dir='ltr'><strong>μὲν</strong></span> <span class='ocrx_word' id='word_1_183' title='bbox 676 2669 846 2737; x_wconf 79' lang='grc' dir='ltr'>δασύνοντες</span> <span class='ocrx_word' id='word_1_184' title='bbox 860 2670 912 2753; x_wconf 76' lang='grc' dir='ltr'><strong>τὴν</strong></span> <span class='ocrx_word' id='word_1_185' title='bbox 928 2669 1065 2754; x_wconf 80' lang='grc' dir='ltr'>δευτέραν</span> <span class='ocrx_word' id='word_1_186' title='bbox 1080 2707 1121 2718; x_wconf 88' lang='lat'><em>-</em></span> <span class='ocrx_word' id='word_1_187' title='bbox 1136 2671 1397 2755; x_wconf 76' lang='grc' dir='ltr'>ἀπροςπελάστους,</span> 
     </span>
     <span class='ocr_line' id='line_1_24' title="bbox 281 2773 1396 2860; baseline 0 -20"><span class='ocrx_word' id='word_1_188' title='bbox 281 2777 322 2840; x_wconf 86' lang='grc' dir='ltr'><strong>ὧν</strong></span> <span class='ocrx_word' id='word_1_189' title='bbox 345 2775 398 2839; x_wconf 81' lang='grc' dir='ltr'><strong>οὐκ</strong></span> <span class='ocrx_word' id='word_1_190' title='bbox 420 2773 454 2838; x_wconf 82' lang='grc' dir='ltr'><strong>ἄν</strong></span> <span class='ocrx_word' id='word_1_191' title='bbox 476 2797 518 2843; x_wconf 83' lang='grc' dir='ltr'><strong>τις</strong></span> <span class='ocrx_word' id='word_1_192' title='bbox 539 2774 657 2860; x_wconf 83' lang='grc' dir='ltr'>ἅψαιτο,</span> <span class='ocrx_word' id='word_1_193' title='bbox 680 2775 707 2837; x_wconf 83' lang='grc' dir='ltr'><strong>οἱ</strong></span> <span class='ocrx_word' id='word_1_194' title='bbox 721 2773 754 2838; x_wconf 82' lang='grc' dir='ltr'><strong>δὲ</strong></span> <span class='ocrx_word' id='word_1_195' title='bbox 768 2776 858 2860; x_wconf 81' lang='grc' dir='ltr'>ψιλῶς</span> <span class='ocrx_word' id='word_1_196' title='bbox 872 2811 913 2820; x_wconf 92' lang='lat'>-</span> <span class='ocrx_word' id='word_1_197' title='bbox 929 2775 1103 2860; x_wconf 82' lang='grc' dir='ltr'><strong>ἀπτοήτους,</strong></span> <span class='ocrx_word' id='word_1_198' title='bbox 1119 2773 1297 2858; x_wconf 84' lang='lat' dir='ltr'><strong>(hucusque</strong></span> <span class='ocrx_word' id='word_1_199' title='bbox 1311 2775 1396 2857; x_wconf 89' lang='lat' dir='ltr'><strong>Hes.)</strong></span> 
     </span>
     <span class='ocr_line' id='line_1_25' title="bbox 282 2875 1397 2962; baseline -0.002 -20"><span class='ocrx_word' id='word_1_200' title='bbox 282 2877 350 2943; x_wconf 87' lang='grc' dir='ltr'>ἔνιοι</span> <span class='ocrx_word' id='word_1_201' title='bbox 377 2879 410 2942; x_wconf 84' lang='grc' dir='ltr'><strong>δὲ</strong></span> <span class='ocrx_word' id='word_1_202' title='bbox 436 2877 648 2962; x_wconf 77' lang='grc' dir='ltr'>ἀνεκφεύκτους</span> <span class='ocrx_word' id='word_1_203' title='bbox 674 2878 694 2962; x_wconf 80' lang='grc' dir='ltr'><strong>ἢ</strong></span> <span class='ocrx_word' id='word_1_204' title='bbox 717 2877 859 2961; x_wconf 82' lang='grc' dir='ltr'>χαλεπάς,</span> <span class='ocrx_word' id='word_1_205' title='bbox 881 2875 916 2938; x_wconf 76' lang='grc' dir='ltr'><strong>ἵν’</strong></span> <span class='ocrx_word' id='word_1_206' title='bbox 939 2877 959 2962; x_wconf 82' lang='grc' dir='ltr'><strong>ἦ</strong></span> <span class='ocrx_word' id='word_1_207' title='bbox 982 2877 1014 2941; x_wconf 85' lang='grc' dir='ltr'><strong>τὸ</strong></span> <span class='ocrx_word' id='word_1_208' title='bbox 1037 2879 1088 2962; x_wconf 84' lang='grc' dir='ltr'><strong>μὲν</strong></span> <span class='ocrx_word' id='word_1_209' title='bbox 1111 2883 1225 2962; x_wconf 83' lang='grc' dir='ltr'>πρῶτον</span> <span class='ocrx_word' id='word_1_210' title='bbox 1248 2879 1397 2944; x_wconf 73' lang='lat' dir='ltr'><strong>euertere·</strong></span> 
     </span>
     <span class='ocr_line' id='line_1_26' title="bbox 283 2978 1510 3076; baseline -0.002 -30"><span class='ocrx_word' id='word_1_211' title='bbox 283 2981 378 3066; x_wconf 82' lang='grc' dir='ltr'>μένον,</span> <span class='ocrx_word' id='word_1_212' title='bbox 400 2982 432 3044; x_wconf 83' lang='grc' dir='ltr'><strong>τὸ</strong></span> <span class='ocrx_word' id='word_1_213' title='bbox 455 2981 488 3044; x_wconf 81' lang='grc' dir='ltr'><strong>δὲ</strong></span> <span class='ocrx_word' id='word_1_214' title='bbox 509 2979 644 3065; x_wconf 78' lang='grc' dir='ltr'>δεύτερον</span> <span class='ocrx_word' id='word_1_215' title='bbox 666 2978 908 3063; x_wconf 81' lang='grc' dir='ltr'>συγκεκομμένον.</span> <span class='ocrx_word' id='word_1_216' title='bbox 954 2978 1100 3044; x_wconf 85' lang='lat' dir='ltr'><strong>Secunda</strong></span> <span class='ocrx_word' id='word_1_217' title='bbox 1122 2979 1303 3063; x_wconf 85' lang='lat' dir='ltr'><strong>explicatio,</strong></span> <span class='ocrx_word' id='word_1_218' title='bbox 1320 2985 1397 3046; x_wconf 89' lang='lat' dir='ltr'><strong>teste</strong></span> <span class='ocrx_word' id='word_1_219' title='bbox 1509 3053 1510 3076; x_wconf 61' lang='lat'><strong>,</strong></span> 
     </span>
    </p>
   </div>
   <div class='ocr_carea' id='block_1_7' title="bbox 285 3105 487 3116">
    <p class='ocr_par' dir='ltr' id='par_1_8' title="bbox 285 3105 487 3116">
     <span class='ocr_line' id='line_1_27' title="bbox 285 3105 487 3116; baseline -0.02 0"><span class='ocrx_word' id='word_1_220' title='bbox 285 3105 487 3116; x_wconf 74' lang='lat'><strong>——---——</strong></span> 
     </span>
    </p>
   </div>
   <div class='ocr_carea' id='block_1_8' title="bbox 281 3149 1510 3392">
    <p class='ocr_par' dir='ltr' id='par_1_9' title="bbox 281 3149 1510 3392">
     <span class='ocr_line' id='line_1_28' title="bbox 382 3149 1510 3232; baseline 0 -28"><span class='ocrx_word' id='word_1_221' title='bbox 382 3153 409 3220; x_wconf 74' lang='lat' dir='ltr'><strong>*l</strong></span> <span class='ocrx_word' id='word_1_222' title='bbox 423 3152 459 3204; x_wconf 87' lang='grc' dir='ltr'><strong>Μ.</strong></span> <span class='ocrx_word' id='word_1_223' title='bbox 483 3150 645 3206; x_wconf 83' lang='lat' dir='ltr'><strong>Schmidtius</strong></span> <span class='ocrx_word' id='word_1_224' title='bbox 669 3167 726 3204; x_wconf 91' lang='lat' dir='ltr'><strong>cum</strong></span> <span class='ocrx_word' id='word_1_225' title='bbox 744 3149 777 3204; x_wconf 89' lang='lat' dir='ltr'><strong>de</strong></span> <span class='ocrx_word' id='word_1_226' title='bbox 795 3152 926 3220; x_wconf 82' lang='lat' dir='ltr'><strong>apparatu</strong></span> <span class='ocrx_word' id='word_1_227' title='bbox 943 3149 1069 3219; x_wconf 90' lang='lat' dir='ltr'><strong>Hesychii</strong></span> <span class='ocrx_word' id='word_1_228' title='bbox 1087 3149 1227 3206; x_wconf 90' lang='lat' dir='ltr'><strong>Homerico</strong></span> <span class='ocrx_word' id='word_1_229' title='bbox 1246 3153 1312 3221; x_wconf 85' lang='lat' dir='ltr'><strong>agit,</strong></span> <span class='ocrx_word' id='word_1_230' title='bbox 1330 3154 1396 3206; x_wconf 88' lang='lat' dir='ltr'><strong>inter</strong></span> <span class='ocrx_word' id='word_1_231' title='bbox 1509 3173 1510 3232; x_wconf 11' lang='grc' dir='ltr'>ν</span> 
     </span>
     <span class='ocr_line' id='line_1_29' title="bbox 281 3233 1510 3307; baseline 0.002 -16"><span class='ocrx_word' id='word_1_232' title='bbox 281 3237 384 3307; x_wconf 86' lang='lat' dir='ltr'><strong>glossas</strong></span> <span class='ocrx_word' id='word_1_233' title='bbox 406 3237 461 3306; x_wconf 91' lang='lat' dir='ltr'><strong>ejus</strong></span> <span class='ocrx_word' id='word_1_234' title='bbox 483 3236 636 3291; x_wconf 84' lang='lat' dir='ltr'><strong>Homericae</strong></span> <span class='ocrx_word' id='word_1_235' title='bbox 659 3233 786 3306; x_wconf 89' lang='lat' dir='ltr'><strong>ejusmodi</strong></span> <span class='ocrx_word' id='word_1_236' title='bbox 809 3251 866 3288; x_wconf 88' lang='lat' dir='ltr'><strong>esse</strong></span> <span class='ocrx_word' id='word_1_237' title='bbox 887 3237 973 3305; x_wconf 88' lang='lat' dir='ltr'><strong>putat,</strong></span> <span class='ocrx_word' id='word_1_238' title='bbox 996 3251 1061 3304; x_wconf 83' lang='lat' dir='ltr'><strong>qvae</strong></span> <span class='ocrx_word' id='word_1_239' title='bbox 1079 3253 1109 3290; x_wconf 85' lang='lat' dir='ltr'><strong>ex</strong></span> <span class='ocrx_word' id='word_1_240' title='bbox 1131 3236 1220 3306; x_wconf 81' lang='lat' dir='ltr'><strong>aliquo</strong></span> <span class='ocrx_word' id='word_1_241' title='bbox 1238 3237 1396 3292; x_wconf 83' lang='lat' dir='ltr'><strong>scholiorum</strong></span> <span class='ocrx_word' id='word_1_242' title='bbox 1509 3233 1510 3276; x_wconf 57' lang='lat' dir='ltr'><strong>i</strong></span> 
     </span>
     <span class='ocr_line' id='line_1_30' title="bbox 281 3321 1510 3392; baseline -0.002 -14"><span class='ocrx_word' id='word_1_243' title='bbox 281 3323 477 3378; x_wconf 87' lang='lat' dir='ltr'><strong>Homericorum</strong></span> <span class='ocrx_word' id='word_1_244' title='bbox 492 3338 600 3392; x_wconf 89' lang='lat' dir='ltr'><strong>corpore</strong></span> <span class='ocrx_word' id='word_1_245' title='bbox 617 3321 765 3392; x_wconf 83' lang='lat' dir='ltr'><strong>descriptae</strong></span> <span class='ocrx_word' id='word_1_246' title='bbox 783 3321 845 3384; x_wconf 91' lang='lat' dir='ltr'><strong>sint,</strong></span> <span class='ocrx_word' id='word_1_247' title='bbox 864 3337 1059 3391; x_wconf 79' lang='lat' dir='ltr'><strong>nonnumquam</strong></span> <span class='ocrx_word' id='word_1_248' title='bbox 1077 3337 1140 3376; x_wconf 85' lang='lat' dir='ltr'><strong>sane</strong></span> <span class='ocrx_word' id='word_1_249' title='bbox 1157 3323 1336 3392; x_wconf 81' lang='lat' dir='ltr'><strong>exquisitioris</strong></span> <span class='ocrx_word' id='word_1_250' title='bbox 1350 3324 1397 3378; x_wconf 89' lang='lat' dir='ltr'><strong>eti·</strong></span> <span class='ocrx_word' id='word_1_251' title='bbox 1509 3331 1510 3338; x_wconf 76' lang='grc'>’</span> 
     </span>
    </p>
   </div>
   <div class='ocr_carea' id='block_1_9' title="bbox 279 3407 1396 3736">
    <p class='ocr_par' dir='ltr' id='par_1_10' title="bbox 279 3407 1396 3736">
     <span class='ocr_line' id='line_1_31' title="bbox 281 3407 1396 3479; baseline -0.002 -14"><span class='ocrx_word' id='word_1_252' title='bbox 281 3427 323 3465; x_wconf 88' lang='lat' dir='ltr'><strong>am</strong></span> <span class='ocrx_word' id='word_1_253' title='bbox 345 3409 480 3464; x_wconf 84' lang='lat' dir='ltr'><strong>doctrinae</strong></span> <span class='ocrx_word' id='word_1_254' title='bbox 503 3409 589 3478; x_wconf 86' lang='lat' dir='ltr'><strong>specie</strong></span> <span class='ocrx_word' id='word_1_255' title='bbox 612 3409 746 3472; x_wconf 81' lang='lat' dir='ltr'><strong>fallentes,</strong></span> <span class='ocrx_word' id='word_1_256' title='bbox 767 3407 795 3462; x_wconf 88' lang='lat' dir='ltr'><strong>in</strong></span> <span class='ocrx_word' id='word_1_257' title='bbox 818 3407 968 3462; x_wconf 84' lang='lat' dir='ltr'><strong>universnm</strong></span> <span class='ocrx_word' id='word_1_258' title='bbox 985 3411 1072 3462; x_wconf 84' lang='lat' dir='ltr'><strong>tamen</strong></span> <span class='ocrx_word' id='word_1_259' title='bbox 1090 3409 1199 3464; x_wconf 88' lang='lat' dir='ltr'><strong>minoris</strong></span> <span class='ocrx_word' id='word_1_260' title='bbox 1216 3411 1306 3479; x_wconf 88' lang='lat' dir='ltr'><strong>pretii.</strong></span> <span class='ocrx_word' id='word_1_261' title='bbox 1342 3411 1396 3466; x_wconf 86' lang='lat' dir='ltr'><strong>Hoc</strong></span> 
     </span>
     <span class='ocr_line' id='line_1_32' title="bbox 280 3492 1396 3566; baseline 0 -16"><span class='ocrx_word' id='word_1_262' title='bbox 280 3496 363 3566; x_wconf 87' lang='lat' dir='ltr'><strong>igitur</strong></span> <span class='ocrx_word' id='word_1_263' title='bbox 381 3511 446 3564; x_wconf 89' lang='lat' dir='ltr'><strong>opus</strong></span> <span class='ocrx_word' id='word_1_264' title='bbox 464 3494 498 3548; x_wconf 83' lang='lat' dir='ltr'><strong>ab</strong></span> <span class='ocrx_word' id='word_1_265' title='bbox 517 3493 649 3564; x_wconf 80' lang='lat' dir='ltr'><strong>Hesychio</strong></span> <span class='ocrx_word' id='word_1_266' title='bbox 667 3494 762 3563; x_wconf 88' lang='lat' dir='ltr'><strong>respici</strong></span> <span class='ocrx_word' id='word_1_267' title='bbox 780 3495 867 3564; x_wconf 85' lang='lat' dir='ltr'><strong>putat,</strong></span> <span class='ocrx_word' id='word_1_268' title='bbox 885 3509 945 3548; x_wconf 90' lang='lat' dir='ltr'><strong>oum</strong></span> <span class='ocrx_word' id='word_1_269' title='bbox 961 3492 1008 3547; x_wconf 92' lang='lat' dir='ltr'><strong>ille</strong></span> <span class='ocrx_word' id='word_1_270' title='bbox 1025 3493 1055 3548; x_wconf 91' lang='lat' dir='ltr'><strong>in</strong></span> <span class='ocrx_word' id='word_1_271' title='bbox 1073 3494 1188 3564; x_wconf 82' lang='lat' dir='ltr'><strong>epistole</strong></span> <span class='ocrx_word' id='word_1_272' title='bbox 1205 3495 1238 3548; x_wconf 87' lang='lat' dir='ltr'><strong>ad</strong></span> <span class='ocrx_word' id='word_1_273' title='bbox 1256 3495 1396 3565; x_wconf 80' lang='lat' dir='ltr'><strong>Eulogium</strong></span> 
     </span>
     <span class='ocr_line' id='line_1_33' title="bbox 280 3579 1395 3650; baseline -0.001 -13"><span class='ocrx_word' id='word_1_274' title='bbox 280 3582 344 3637; x_wconf 85' lang='lat' dir='ltr'><strong>data</strong></span> <span class='ocrx_word' id='word_1_275' title='bbox 362 3580 434 3636; x_wconf 80' lang='lat' dir='ltr'><strong>dicat</strong></span> <span class='ocrx_word' id='word_1_276' title='bbox 450 3596 478 3634; x_wconf 90' lang='lat' dir='ltr'><strong>se</strong></span> <span class='ocrx_word' id='word_1_277' title='bbox 495 3579 607 3650; x_wconf 88' lang='lat' dir='ltr'><strong>Apionis</strong></span> <span class='ocrx_word' id='word_1_278' title='bbox 625 3583 652 3634; x_wconf 89' lang='lat' dir='ltr'><strong>et</strong></span> <span class='ocrx_word' id='word_1_279' title='bbox 670 3579 811 3634; x_wconf 87' lang='lat' dir='ltr'><strong>Heliodori</strong></span> <span class='ocrx_word' id='word_1_280' title='bbox 823 3579 928 3648; x_wconf 86' lang='lat' dir='ltr'><strong>glossas</strong></span> <span class='ocrx_word' id='word_1_281' title='bbox 947 3580 1111 3649; x_wconf 84' lang='lat' dir='ltr'><strong>compilasse.</strong></span> <span class='ocrx_word' id='word_1_282' title='bbox 1136 3579 1236 3634; x_wconf 86' lang='lat' dir='ltr'><strong>Horum</strong></span> <span class='ocrx_word' id='word_1_283' title='bbox 1250 3585 1339 3636; x_wconf 89' lang='lat' dir='ltr'><strong>antem</strong></span> <span class='ocrx_word' id='word_1_284' title='bbox 1352 3599 1395 3637; x_wconf 91' lang='lat' dir='ltr'><strong>no·</strong></span> 
     </span>
     <span class='ocr_line' id='line_1_34' title="bbox 279 3656 1395 3736; baseline -0.002 -14"><span class='ocrx_word' id='word_1_285' title='bbox 279 3669 377 3722; x_wconf 90' lang='lat' dir='ltr'><strong>minum</strong></span> <span class='ocrx_word' id='word_1_286' title='bbox 395 3665 555 3721; x_wconf 81' lang='lat' dir='ltr'><strong>consortium</strong></span> <span class='ocrx_word' id='word_1_287' title='bbox 573 3663 678 3720; x_wconf 87' lang='lat' dir='ltr'><strong>abunde</strong></span> <span class='ocrx_word' id='word_1_288' title='bbox 695 3665 787 3720; x_wconf 89' lang='lat' dir='ltr'><strong>docere</strong></span> <span class='ocrx_word' id='word_1_289' title='bbox 804 3682 856 3719; x_wconf 91' lang='lat' dir='ltr'><strong>non</strong></span> <span class='ocrx_word' id='word_1_290' title='bbox 875 3665 907 3720; x_wconf 91' lang='lat' dir='ltr'><strong>de</strong></span> <span class='ocrx_word' id='word_1_291' title='bbox 924 3665 1020 3734; x_wconf 89' lang='lat' dir='ltr'><strong>glossis</strong></span> <span class='ocrx_word' id='word_1_292' title='bbox 1039 3682 1095 3720; x_wconf 87' lang='lat' dir='ltr'><strong>esse</strong></span> <span class='ocrx_word' id='word_1_293' title='bbox 1113 3656 1281 3736; x_wconf 87' lang='lat' dir='ltr'><strong>cogitandum</strong></span> <span class='ocrx_word' id='word_1_294' title='bbox 1300 3667 1347 3722; x_wconf 89' lang='lat' dir='ltr'><strong>sed</strong></span> <span class='ocrx_word' id='word_1_295' title='bbox 1365 3667 1395 3720; x_wconf 89' lang='lat' dir='ltr'><strong>de</strong></span> 
     </span>
    </p>
   </div>
   <div class='ocr_carea' id='block_1_10' title="bbox 279 3745 1510 3822">
    <p class='ocr_par' dir='ltr' id='par_1_11' title="bbox 279 3745 1510 3822">
     <span class='ocr_line' id='line_1_35' title="bbox 279 3745 1510 3822; baseline -0.002 -14"><span class='ocrx_word' id='word_1_296' title='bbox 279 3754 482 3808; x_wconf 86' lang='lat' dir='ltr'><strong>scholiastarum</strong></span> <span class='ocrx_word' id='word_1_297' title='bbox 504 3767 611 3821; x_wconf 85' lang='lat' dir='ltr'><strong>corpore</strong></span> <span class='ocrx_word' id='word_1_298' title='bbox 633 3750 724 3806; x_wconf 87' lang='lat' dir='ltr'><strong>codem</strong></span> <span class='ocrx_word' id='word_1_299' title='bbox 751 3752 792 3806; x_wconf 88' lang='lat' dir='ltr'><strong>vel</strong></span> <span class='ocrx_word' id='word_1_300' title='bbox 816 3751 897 3804; x_wconf 88' lang='lat' dir='ltr'><strong>simili</strong></span> <span class='ocrx_word' id='word_1_301' title='bbox 920 3767 969 3820; x_wconf 91' lang='lat' dir='ltr'><strong>qvo</strong></span> <span class='ocrx_word' id='word_1_302' title='bbox 987 3751 1144 3806; x_wconf 79' lang='lat' dir='ltr'><strong>Eustathius</strong></span> <span class='ocrx_word' id='word_1_303' title='bbox 1162 3769 1263 3822; x_wconf 84' lang='lat' dir='ltr'><strong>qvoqve</strong></span> <span class='ocrx_word' id='word_1_304' title='bbox 1279 3770 1343 3808; x_wconf 88' lang='lat' dir='ltr'><strong>usus</strong></span> <span class='ocrx_word' id='word_1_305' title='bbox 1361 3754 1395 3807; x_wconf 91' lang='lat' dir='ltr'><strong>sit</strong></span> <span class='ocrx_word' id='word_1_306' title='bbox 1509 3745 1510 3774; x_wconf 62' lang='lat'>¹</span> 
     </span>
    </p>
   </div>
   <div class='ocr_carea' id='block_1_11' title="bbox 229 3835 1396 4338">
    <p class='ocr_par' dir='ltr' id='par_1_12' title="bbox 229 3835 1396 4338">
     <span class='ocr_line' id='line_1_36' title="bbox 280 3835 1396 3908; baseline 0 -16"><span class='ocrx_word' id='word_1_307' title='bbox 280 3839 324 3908; x_wconf 87' lang='lat' dir='ltr'><strong>(L.</strong></span> <span class='ocrx_word' id='word_1_308' title='bbox 342 3839 386 3893; x_wconf 88' lang='lat' dir='ltr'><strong>Ar.</strong></span> <span class='ocrx_word' id='word_1_309' title='bbox 402 3841 472 3906; x_wconf 81' lang='grc'>387).</span> <span class='ocrx_word' id='word_1_310' title='bbox 508 3839 594 3906; x_wconf 76' lang='lat' dir='ltr'><strong>Atque</strong></span> <span class='ocrx_word' id='word_1_311' title='bbox 611 3835 740 3907; x_wconf 88' lang='lat' dir='ltr'><strong>ejusmodi</strong></span> <span class='ocrx_word' id='word_1_312' title='bbox 757 3836 854 3891; x_wconf 90' lang='lat' dir='ltr'><strong>librum</strong></span> <span class='ocrx_word' id='word_1_313' title='bbox 873 3837 906 3891; x_wconf 89' lang='lat' dir='ltr'><strong>ab</strong></span> <span class='ocrx_word' id='word_1_314' title='bbox 924 3836 1056 3908; x_wconf 83' lang='lat' dir='ltr'><strong>Hesychio</strong></span> <span class='ocrx_word' id='word_1_315' title='bbox 1075 3837 1225 3892; x_wconf 88' lang='lat' dir='ltr'><strong>adhibitum</strong></span> <span class='ocrx_word' id='word_1_316' title='bbox 1243 3853 1300 3893; x_wconf 88' lang='lat' dir='ltr'><strong>esso</strong></span> <span class='ocrx_word' id='word_1_317' title='bbox 1312 3855 1343 3894; x_wconf 83' lang='lat' dir='ltr'><strong>er</strong></span> <span class='ocrx_word' id='word_1_318' title='bbox 1356 3839 1396 3892; x_wconf 87' lang='lat' dir='ltr'><strong>in·</strong></span> 
     </span>
     <span class='ocr_line' id='line_1_37' title="bbox 280 3923 1394 3993; baseline -0.001 -14"><span class='ocrx_word' id='word_1_319' title='bbox 280 3925 395 3980; x_wconf 86' lang='lat' dir='ltr'><strong>numeris</strong></span> <span class='ocrx_word' id='word_1_320' title='bbox 417 3924 490 3992; x_wconf 86' lang='lat' dir='ltr'><strong>locis,</strong></span> <span class='ocrx_word' id='word_1_321' title='bbox 514 3939 622 3993; x_wconf 80' lang='lat' dir='ltr'><strong>quorum</strong></span> <span class='ocrx_word' id='word_1_322' title='bbox 640 3939 698 3978; x_wconf 89' lang='lat' dir='ltr'><strong>cum</strong></span> <span class='ocrx_word' id='word_1_323' title='bbox 717 3923 825 3978; x_wconf 90' lang='lat' dir='ltr'><strong>scholiis</strong></span> <span class='ocrx_word' id='word_1_324' title='bbox 843 3938 985 3977; x_wconf 89' lang='lat' dir='ltr'><strong>consensus</strong></span> <span class='ocrx_word' id='word_1_325' title='bbox 1003 3923 1160 3978; x_wconf 83' lang='lat' dir='ltr'><strong>manifestus</strong></span> <span class='ocrx_word' id='word_1_326' title='bbox 1178 3925 1221 3986; x_wconf 85' lang='lat' dir='ltr'><strong>sit,</strong></span> <span class='ocrx_word' id='word_1_327' title='bbox 1240 3925 1333 3980; x_wconf 85' lang='lat' dir='ltr'><strong>evinci.</strong></span> <span class='ocrx_word' id='word_1_328' title='bbox 1363 3925 1394 3978; x_wconf 90' lang='lat' dir='ltr'><strong>In</strong></span> 
     </span>
     <span class='ocr_line' id='line_1_38' title="bbox 281 4009 1394 4082; baseline -0.002 -16"><span class='ocrx_word' id='word_1_329' title='bbox 281 4012 331 4066; x_wconf 90' lang='lat' dir='ltr'><strong>hnc</strong></span> <span class='ocrx_word' id='word_1_330' title='bbox 352 4010 420 4064; x_wconf 90' lang='lat' dir='ltr'><strong>libro</strong></span> <span class='ocrx_word' id='word_1_331' title='bbox 443 4015 531 4066; x_wconf 88' lang='lat' dir='ltr'><strong>autem</strong></span> <span class='ocrx_word' id='word_1_332' title='bbox 552 4013 684 4080; x_wconf 88' lang='lat' dir='ltr'><strong>respectos</strong></span> <span class='ocrx_word' id='word_1_333' title='bbox 706 4009 788 4065; x_wconf 82' lang='lat' dir='ltr'><strong>inisse</strong></span> <span class='ocrx_word' id='word_1_334' title='bbox 809 4010 951 4082; x_wconf 81' lang='lat' dir='ltr'><strong>Didymum</strong></span> <span class='ocrx_word' id='word_1_335' title='bbox 968 4013 996 4064; x_wconf 87' lang='lat' dir='ltr'><strong>et</strong></span> <span class='ocrx_word' id='word_1_336' title='bbox 1013 4013 1137 4080; x_wconf 79' lang='lat' dir='ltr'><strong>quattuor</strong></span> <span class='ocrx_word' id='word_1_337' title='bbox 1155 4012 1269 4066; x_wconf 86' lang='lat' dir='ltr'><strong>virorum</strong></span> <span class='ocrx_word' id='word_1_338' title='bbox 1286 4015 1394 4066; x_wconf 88' lang='lat' dir='ltr'><strong>ceteros.</strong></span> 
     </span>
     <span class='ocr_line' id='line_1_39' title="bbox 281 4094 1394 4166; baseline -0.002 -14"><span class='ocrx_word' id='word_1_339' title='bbox 281 4095 412 4165; x_wconf 78' lang='lat' dir='ltr'><strong>(Quaestt.</strong></span> <span class='ocrx_word' id='word_1_340' title='bbox 434 4094 546 4166; x_wconf 78' lang='lat' dir='ltr'><strong>Hesych.</strong></span> <span class='ocrx_word' id='word_1_341' title='bbox 567 4095 635 4159; x_wconf 84' lang='lat' dir='ltr'><strong>CVI,</strong></span> <span class='ocrx_word' id='word_1_342' title='bbox 658 4095 751 4166; x_wconf 83' lang='lat' dir='ltr'>CXV).</span> <span class='ocrx_word' id='word_1_343' title='bbox 785 4095 825 4150; x_wconf 89' lang='lat' dir='ltr'><strong>Ab</strong></span> <span class='ocrx_word' id='word_1_344' title='bbox 848 4096 899 4152; x_wconf 89' lang='lat' dir='ltr'><strong>hoc</strong></span> <span class='ocrx_word' id='word_1_345' title='bbox 921 4095 989 4149; x_wconf 85' lang='lat' dir='ltr'><strong>libro</strong></span> <span class='ocrx_word' id='word_1_346' title='bbox 1011 4095 1039 4149; x_wconf 90' lang='lat' dir='ltr'><strong>id</strong></span> <span class='ocrx_word' id='word_1_347' title='bbox 1057 4096 1215 4150; x_wconf 88' lang='lat' dir='ltr'><strong>scholiorum</strong></span> <span class='ocrx_word' id='word_1_348' title='bbox 1238 4113 1340 4165; x_wconf 89' lang='lat' dir='ltr'><strong>corpus,</strong></span> <span class='ocrx_word' id='word_1_349' title='bbox 1363 4095 1394 4150; x_wconf 89' lang='lat' dir='ltr'><strong>do</strong></span> 
     </span>
     <span class='ocr_line' id='line_1_40' title="bbox 229 4181 1394 4252; baseline 0.002 -18"><span class='ocrx_word' id='word_1_350' title='bbox 229 4207 232 4213; x_wconf 90' lang='lat'><em>·</em></span> <span class='ocrx_word' id='word_1_351' title='bbox 281 4198 331 4252; x_wconf 88' lang='lat' dir='ltr'><strong>qvo</strong></span> <span class='ocrx_word' id='word_1_352' title='bbox 351 4197 399 4235; x_wconf 89' lang='lat' dir='ltr'><strong>nos</strong></span> <span class='ocrx_word' id='word_1_353' title='bbox 422 4181 531 4250; x_wconf 86' lang='lat' dir='ltr'><strong>agimus,</strong></span> <span class='ocrx_word' id='word_1_354' title='bbox 554 4197 584 4236; x_wconf 94' lang='lat' dir='ltr'><strong>eo</strong></span> <span class='ocrx_word' id='word_1_355' title='bbox 606 4182 664 4250; x_wconf 92' lang='lat' dir='ltr'><strong>ipso</strong></span> <span class='ocrx_word' id='word_1_356' title='bbox 689 4181 818 4236; x_wconf 84' lang='lat' dir='ltr'><strong>diversum</strong></span> <span class='ocrx_word' id='word_1_357' title='bbox 840 4181 899 4246; x_wconf 84' lang='lat' dir='ltr'><strong>fnit,</strong></span> <span class='ocrx_word' id='word_1_358' title='bbox 922 4181 991 4250; x_wconf 88' lang='lat' dir='ltr'><strong>qvod</strong></span> <span class='ocrx_word' id='word_1_359' title='bbox 1015 4185 1140 4250; x_wconf 82' lang='lat' dir='ltr'><strong>quattuor</strong></span> <span class='ocrx_word' id='word_1_360' title='bbox 1162 4183 1276 4237; x_wconf 89' lang='lat' dir='ltr'><strong>virorum</strong></span> <span class='ocrx_word' id='word_1_361' title='bbox 1294 4183 1394 4251; x_wconf 85' lang='lat' dir='ltr'><strong>scripta</strong></span> 
     </span>
     <span class='ocr_line' id='line_1_41' title="bbox 280 4266 1393 4338; baseline 0.001 -17"><span class='ocrx_word' id='word_1_362' title='bbox 280 4266 395 4322; x_wconf 90' lang='lat' dir='ltr'><strong>nondum</strong></span> <span class='ocrx_word' id='word_1_363' title='bbox 422 4266 512 4336; x_wconf 90' lang='lat' dir='ltr'><strong>potuit</strong></span> <span class='ocrx_word' id='word_1_364' title='bbox 539 4267 679 4336; x_wconf 89' lang='lat' dir='ltr'><strong>continere,</strong></span> <span class='ocrx_word' id='word_1_365' title='bbox 702 4283 760 4323; x_wconf 91' lang='lat' dir='ltr'><strong>cum</strong></span> <span class='ocrx_word' id='word_1_366' title='bbox 779 4267 834 4338; x_wconf 86' lang='lat' dir='ltr'><strong>jam</strong></span> <span class='ocrx_word' id='word_1_367' title='bbox 855 4269 961 4322; x_wconf 86' lang='lat' dir='ltr'><strong>tantum</strong></span> <span class='ocrx_word' id='word_1_368' title='bbox 984 4267 1092 4338; x_wconf 88' lang='lat' dir='ltr'><strong>Didymi</strong></span> <span class='ocrx_word' id='word_1_369' title='bbox 1114 4269 1214 4338; x_wconf 86' lang='lat' dir='ltr'><strong>scripta</strong></span> <span class='ocrx_word' id='word_1_370' title='bbox 1234 4268 1393 4322; x_wconf 83' lang='lat' dir='ltr'><strong>extitissent.</strong></span> 
     </span>
    </p>
   </div>
   <div class='ocr_carea' id='block_1_12' title="bbox 0 0 1558 4870">
    <p class='ocr_par' dir='ltr' id='par_1_13' title="bbox 0 0 1558 4870">
     <span class='ocr_line' id='line_1_42' title="bbox 0 0 1558 4870; baseline 0 1"><span class='ocrx_word' id='word_1_371' title='bbox 0 0 1558 4870; x_wconf 95' lang='lat' dir='ltr'><strong> </strong></span> 
     </span>
    </p>
   </div>
  </div>
 </body>
</html>
