3098 4874
505 1186 507 1191 .
547 1119 661 1220 daput
686 1122 893 1202 secundum.

260 1285 381 1351 Seriem
402 1287 456 1352 hie
476 1307 656 1370 proponam
679 1288 917 1369 vocabulorum,
942 1312 1075 1373 quorum
1099 1290 1285 1372 explicatio·

154 1407 213 1454 nes
239 1409 312 1452 cum
335 1388 515 1454 Aristarchi
538 1389 811 1470 adnotationibus,
834 1391 943 1474 quales
965 1413 1037 1456 oum
1060 1391 1137 1457 alibi
1159 1397 1227 1457 tum
1251 1393 1285 1456 in

154 1488 285 1556 scholiis
306 1489 436 1556 Venetis
458 1490 619 1574 leguntur,
641 1491 722 1557 adeo
746 1494 946 1572 conveniunt,
968 1499 1005 1557 ut
1021 1492 1210 1575 Apollonius
1227 1493 1284 1558 ha-

153 1612 226 1656 rum
252 1591 409 1674 plurimas
436 1591 562 1674 quidem
591 1613 631 1657 ex
658 1594 737 1676 ipsis
758 1595 938 1660 Aristarchi
960 1595 1090 1677 scriptis
1112 1594 1285 1676 sumpsisse

155 1693 310 1759 rideatur.
355 1693 459 1776 Hujus
491 1694 591 1777 igitur
623 1697 799 1762 sententiae
832 1718 927 1781 qvam
959 1696 1184 1780 integerrimae
1210 1716 1284 1778 per-

154 1815 251 1878 saepe
278 1800 353 1860 sunt
379 1801 533 1862 servatae.
579 1796 679 1874 Quid?
708 1798 792 1881 qvod
818 1800 906 1865 haud
932 1821 1008 1866 raro
1035 1797 1284 1882 lexicographns

153 1897 267 1962 iisdem
293 1897 391 1981 plane
417 1896 523 1963 verbis
551 1905 647 1982 atqve
673 1901 875 1966 Aristonicus
902 1903 1018 1981 utitnr;
1047 1905 1079 1964 et
1106 1901 1134 1964 si
1157 1897 1284 1982 qvando

153 1998 259 2064 uerbis
287 1997 480 2082 discrepant,
509 2021 544 2066 re
570 2007 679 2066 tamen
702 2004 914 2066 consentiunt.
926 2003 957 2087 ²¹²)
1002 2001 1114 2084 Itaque
1136 2000 1177 2066 ab
1200 2001 1283 2082 opti-

154 2099 213 2166 mis
235 2101 332 2184 primi
354 2102 470 2184 capitis
493 2103 637 2168 articulis
658 2103 692 2168 hi
708 2123 746 2168 eo
762 2110 887 2168 tantum
906 2103 1066 2181 differunt,
1084 2102 1168 2185 qvod
1184 2101 1282 2183 Apol-

152 2201 259 2268 lonius
292 2204 407 2268 harum
438 2203 687 2286 explicationum
720 2210 883 2270 auctorem
911 2226 976 2270 non
1002 2203 1115 2270 laudat
1141 2203 1285 2267 Aristar-

155 2305 262 2369 chum.
307 2304 424 2382 Qvodsi
452 2312 557 2372 tamen
585 2306 747 2372 interdum
774 2329 839 2374 non
867 2307 966 2373 habet
993 2307 1110 2385 omnia,
1138 2327 1218 2389 qvae
1241 2305 1284 2371 ad

155 2427 225 2472 rem
259 2408 511 2491 cognoscendam
545 2409 716 2491 pertinent,
749 2412 998 2492 epitomatorum
1024 2409 1159 2474 forsitan
1188 2408 1285 2491 culpa

155 2509 334 2594 contigerit,
357 2514 393 2574 ut
416 2509 571 2592 qvaedam
595 2511 712 2576 omissa
734 2512 798 2576 sint
819 2511 869 2576 rel
891 2511 1077 2577 exciderint.

256 2611 294 2676 In
318 2611 368 2676 his
390 2611 489 2695 igitur
510 2611 716 2694 Apollonium
738 2613 881 2680 tontibus
903 2635 996 2678 usum
1019 2633 1088 2678 esse
1105 2611 1284 2677 Aristarchi

153 2715 393 2780 commentariis
414 2719 503 2796 puto.
542 2713 624 2778 Sunt
640 2719 747 2779 tamen
764 2715 927 2792 nonnulla,
945 2735 1025 2798 qvae
1041 2714 1148 2796 potius
1166 2734 1182 2778 e
1200 2713 1284 2796 glos-

154 2818 243 2884 sario
265 2816 403 2899 quodam
425 2815 640 2880 Aristarcheo'
654 2815 816 2899 descripta
837 2837 906 2882 esse
927 2815 1084 2881 videntur.

256 2917 398 3004 ἀβρότη
426 2954 468 2966 -
490 2953 532 2966 -·
554 2917 602 2988 νόΕ
630 2917 741 3003 ἀβρότη
764 2955 806 2966 -
828 2955 869 2966 —
891 2920 940 2981 καὶ
963 2919 989 2980 οἱ
1012 2918 1063 3002 μὲν
1086 2917 1199 3002 ἐρήμην
1218 2918 1283 3003 βρο-

154 3025 211 3084 τῶν
240 3057 282 3068 -
311 3057 352 3068 -
381 3021 408 3083 ol
434 3020 467 3083 δὲ
493 3021 546 3104 τὴν
573 3019 730 3098 ἀθάνατον,
759 3021 787 3090 ἐξ
815 3020 849 3084 οὔ
877 3023 897 3106 ἡ
926 3021 993 3084 θεία
1014 3024 1121 3084 νοεῖται
1144 3020 1198 3105 (cf.
1220 3019 1282 3086 lex.

153 3125 214 3206 Ap.
237 3122 311 3208 νόξ).
349 3122 488 3188 Easdem
505 3121 598 3188 binas
615 3122 854 3206 explicationes,
871 3123 927 3189 lite
944 3145 1008 3189 non
1026 3123 1194 3206 dirempta,
1211 3122 1282 3186 Ari·

154 3226 303 3291 sterchus
325 3225 477 3308 proponit
498 3225 531 3288 in
553 3225 652 3290 schol.
675 3225 699 3288 Ξ
723 3228 773 3289 78.
817 3225 898 3291 Item
920 3226 988 3290 fere
1011 3225 1135 3290 Suidas.
1180 3224 1283 3288 Aliter

154 3348 229 3393 vero
259 3326 347 3392 aliud
373 3326 472 3392 schol.
501 3325 543 3392 ad
570 3326 591 3390 l.
619 3327 640 3390 l.
663 3327 693 3389 ἐν
715 3321 737 3410 γ’
761 3327 845 3412 φόνοι
866 3327 901 3391 oh
923 3329 1048 3412 γίνονται
1069 3365 1109 3377 -
1132 3328 1152 3412 ἢ
1174 3329 1195 3411 ἡ
1218 3330 1282 3410 φῶς

156 3431 196 3514 μὴ
220 3427 333 3514 ἔχουσα
354 3432 416 3492 κτλ.

258 3531 426 3616 ἄβρομοι.
471 3529 548 3614 Ipsa
580 3530 760 3596 Aristarchi
792 3530 891 3597 verba
916 3533 998 3598 haec
1026 3551 1094 3598 esse
1121 3531 1284 3597 videntur:

155 3631 205 3696 σὺν
237 3632 340 3720 βρόμῳ
368 3634 469 3719 πολλῷ
491 3669 532 3680 -
556 3669 596 3680 -
619 3634 722 3696 καὶτὸ
745 3632 863 3718 αόίαχοι
885 3632 926 3718 (Ν
949 3634 1004 3716 41)
1030 3634 1103 3720 μετὰ
1125 3635 1213 3718 ἰαχῆς
1235 3655 1284 3716 ρε-

154 3736 258 3819 potius,
286 3738 327 3804 ὥς
354 3735 463 3820 ἀχανὲς
490 3734 616 3819 πέλαγος
643 3736 676 3798 τὸ
689 3801 691 3806 ,
705 3737 841 3820 μεγάλως
867 3736 1003 3820 κεχηνός.
1046 3735 1123 3800 Mox
1149 3733 1284 3817 Apionis

155 3857 360 3870 m

257 3905 377 3968 *tllanc
399 3905 432 3960 cb
455 3921 571 3970 causam,
593 3921 626 3959 ne
648 3903 740 3960 eadem
761 3907 951 3974 repeterentur,
974 3917 1198 3972 supervacaneum
1221 3901 1284 3957 duri

154 3989 252 4059 ubique
275 3989 370 4060 plenis
387 3989 476 4044 verbis
497 3991 525 4044 et
546 3989 662 4043 numeris
685 3989 787 4043 scholia
809 3987 958 4043 adscribere
980 4004 1011 4042 ae
1034 4004 1113 4058 saepe
1133 3989 1207 4042 locos
1224 3991 1284 4041 tan-

126 4077 130 4088 '
154 4077 212 4129 tum
233 4075 398 4144 significari.
434 4074 628 4129 Tantummodo
651 4091 760 4143 quorum
786 4090 837 4144 ope
858 4074 1018 4142 Apollonius
1039 4075 1174 4130 emendari
1194 4075 1287 4142 posset

156 4163 203 4214 aut
221 4175 288 4229 qvas
306 4159 341 4214 ad
359 4159 429 4214 elias
448 4175 490 4214 res
509 4159 705 4229 cognoscendas
723 4160 803 4214 utilia
820 4162 917 4228 essent,
935 4175 967 4214 ea
983 4160 1064 4229 plena
1081 4159 1217 4229 descripsi.
