3108 4870
1204 289 1264 350 119

188 507 247 566 poc·
280 481 444 567 Σαρπηδὼν
477 479 613 564 ἠχθέσθη
648 479 698 562 μὲν
731 482 782 540 τοῦ
810 475 943 540 Γλαύκου
971 475 1114 552 ἀπιόντος,
1140 469 1222 558 ὅμως
1252 474 1305 555 (an

188 586 296 670 ὁμοίως
321 585 362 668 δ’)
390 582 443 646 οὐκ
469 582 579 666 ἀπέστη
606 587 658 666 τῆς
684 581 759 646 κατὰ
786 583 838 665 τὴν
861 581 959 664 μάχην
982 579 1098 664 ἀρετῆς.
1143 576 1230 654 Quae
1252 577 1306 642 Ar.

189 687 228 753 de
255 685 484 770 particularum
510 687 599 770 ὁμῶς,
628 685 718 769 ὅμως,
746 682 841 769 ἔμπης
863 703 914 766 ap.
938 681 1030 746 Hom.
1053 702 1114 746 usu
1135 701 1307 764 praecepe-

188 795 240 856 rat
266 791 315 873 (b.
343 791 398 853 Ar.
428 788 514 872 156),
543 787 730 870 Apollonius
758 785 941 870 cognovisse
967 785 1107 863 videtum
1136 805 1208 848 cum
1230 804 1305 848 vero

189 894 231 960 ad
258 892 291 956 M
320 896 380 957 393
409 891 632 974 explicandum
659 912 693 956 se
721 890 853 968 confert,
875 890 944 972 ipse
966 888 1026 954 sibi
1048 893 1081 953 et
1102 888 1226 952 auctori
1248 907 1306 952 suo

187 1001 355 1080 repugnat.
399 994 545 1073 Qvamvis
566 995 649 1058 enim
671 993 766 1058 modo
789 992 905 1057 dixerit
925 991 1007 1076 ὅμως
1029 1011 1123 1056 sensu
1144 995 1246 1054 tamea
1266 1010 1306 1054 ns

190 1098 334 1164 adhiberi
356 1097 479 1182 qvidem
502 1103 648 1179 aposta,
670 1097 739 1179 ipse
761 1095 963 1160 nihilosecius
985 1093 1097 1160 scribit
1119 1093 1201 1176 ὅμως
1224 1095 1249 1156 δ’
1271 1091 1306 1156 οὐ

189 1249 240 1279 ..,
263 1201 345 1285 qvod
378 1222 435 1284 per
468 1199 549 1284 ὅμως
580 1199 685 1264 reddit
712 1199 867 1284 (exnemo
895 1199 980 1282 art).
1024 1197 1221 1284 Itaqvel'aut
1246 1217 1306 1280 pro

188 1304 269 1388 ὅμως
295 1305 328 1368 in
355 1303 503 1369 lemmate
529 1302 731 1368 scribendum
754 1307 824 1368 erat
845 1300 950 1386 ἔμπης,
973 1305 1029 1365 aut
1050 1321 1121 1366 cum
1144 1300 1307 1383 haec'yox

186 1407 291 1472 versui
313 1428 376 1472 non
399 1407 574 1483 conveniat,
597 1407 687 1491 ὁμῶς.
730 1405 810 1469 Tum
831 1425 906 1470 vero
928 1409 1090 1486 postrema
1111 1402 1167 1468 illa
1188 1404 1223 1466 ἵν’
1246 1403 1266 1487 ἦ
1289 1404 1306 1465 ὁ

187 1511 249 1593 hdr.
273 1509 408 1574 delenda
429 1515 485 1576 aut
507 1509 619 1576 saltem
641 1529 699 1591 pro
723 1509 805 1593 ὅμως
826 1506 1027 1573 scribendum
1049 1507 1158 1591 ὁμοίως
1174 1505 1216 1570 δέ.
1250 1507 1305 1570 At·

188 1634 248 1696 qve
274 1613 320 1678 sic
342 1614 435 1697 (ὁμῶς
458 1637 495 1674 ;-.
519 1614 640 1698 ὁμοίως)
663 1612 748 1676 hunc
769 1611 873 1676 locum
896 1631 916 1674 a
938 1609 1045 1674 multis
1067 1608 1306 1694 lectnm{ett'in·

189 1715 348 1781 tellectum
377 1715 484 1793 fuisse,
511 1716 601 1780 testis
629 1720 678 1780 est
698 1715 764 1780 sch.
787 1718 805 1777 λ
828 1716 888 1778 565
912 1749 952 1764 --
975 1714 1064 1798 epar
1087 1711 1304 1798 περισπαστέον·

188 1857 229 1868 -—
258 1857 297 1868 -
326 1819 370 1882 διὸ
397 1843 423 1882 a.
453 1819 485 1882 τὸ
513 1819 610 1903 „ipris
637 1820 663 1882 δ’
686 1817 720 1882 ob
742 1818 827 1901 lnpll.l
850 1818 877 1881 οἱ
899 1817 1015 1884 πλείους
1037 1820 1204 1901 περισπῶσι.
1247 1814 1306 1880 His

187 1921 284 2005 igitur
316 1920 518 2004 Apollonium
553 1941 674 2004 qvoqve
701 1921 838 2004 primum
867 1940 1031 1984 assensum
1060 1939 1128 1984 esse
1153 1919 1304 2002 putarim.

187 2024 266 2088 Cum
289 2044 363 2089 vero
384 2023 464 2086 illud
486 2025 566 2108 ὁμῶς
588 2023 716 2107 (zpari
738 2022 846 2106 modo)
869 2043 994 2086 sensum
1018 2028 1128 2104 aptum
1151 2021 1306 2103 praebere

187 2148 250 2191 non
273 2126 442 2204 videretur,
466 2145 503 2190 eo
525 2131 689 2209 permotus
711 2125 803 2190 lexici
825 2123 1046 2206 interpolator,
1069 2125 1193 2207 opinor,
1208 2123 1305 2188 aliam

188 2229 321 2292 tentavit
343 2229 435 2292 viam.
479 2227 568 2294 Licet
589 2229 673 2294 enim
696 2227 874 2292 Aristarchi
895 2226 1048 2309 placitum
1070 2226 1304 2310 comprobaret,

189 2336 296 2396 tamen
323 2331 354 2395 h.
383 2331 403 2393 l.
427 2331 612 2413 exceptione
634 2330 782 2409 admissa,
806 2331 887 2414 ὅμως
909 2351 1003 2394 sensu
1025 2335 1160 2396 adaman
1181 2331 1305 2414 accepit

190 2439 222 2498 et
242 2434 456 2518 paraphrasin
477 2434 564 2498 illam
586 2434 633 2498 ἵνα
655 2439 714 2498 κτλ.
738 2434 870 2499 addidit.
914 2434 1079 2518 Duplicem
1103 2437 1200 2520 igitur
1222 2438 1304 2520 ejus·

190 2536 258 2602 dem
282 2537 409 2602 articuli
431 2537 645 2604 recensionem
668 2537 832 2603 confusam
855 2539 907 2603 hio
928 2537 1061 2621 legimns
1083 2544 1115 2603 et
1128 2538 1304 2623 lexicogra-

187 2639 268 2721 phos
295 2661 393 2722 neqve
421 2659 460 2704 ac
487 2639 690 2704 scholiastam
718 2639 880 2706 dubitasse
908 2640 1058 2718 videmus,
1086 2663 1166 2723 qvae
1187 2644 1237 2706 A:i
1260 2644 1303 2708 ls-

189 2742 251 2806 ctio
277 2763 352 2807 vera
379 2743 499 2808 fuisset.
543 2743 693 2825 Lehrsius
721 2763 793 2808 eum
823 2743 987 2826 scripsisse
1015 2744 1210 2826 suspicatur:
1238 2747 1303 2810 ὁδ’

188 2844 250 2908 οὐδ’
270 2847 311 2914 ὥς
332 2846 449 2931 λήθετο.
475 2883 513 2896 -·

288 2947 358 3013 Hac
379 2949 545 3014 occasione
567 2949 643 3014 data
664 2948 770 3016 facere
792 2970 854 3014 non
877 2969 1016 3032 possum,
1039 2951 1113 3033 qvin
1135 2951 1223 3018 locos
1238 2953 1303 3018 Ho-

187 3051 320 3116 mericos
348 3051 389 3116 ab
411 3051 581 3134 Apollonio
603 3052 767 3136 appositos
789 3053 899 3134 paucis
922 3054 1087 3138 attingam.
1132 3053 1214 3120 Sunt
1234 3078 1302 3122 sae-

186 3155 314 3238 pissime
337 3155 568 3238 corruptissimi
580 3156 622 3240 ²¹³),
645 3177 663 3220 e
685 3155 794 3222 codice
816 3155 922 3222 nescio
945 3177 1005 3238 qvo
1028 3157 1140 3224 vitioso
1163 3167 1195 3224 et
1216 3181 1302 3225 men-

185 3257 262 3322 doso
290 3257 391 3340 petiti.
435 3258 543 3341 Neque
569 3259 597 3322 is
624 3258 801 3324 Aristarchi
829 3258 899 3336 luit,
930 3280 1003 3324 nam
1030 3259 1182 3326 lectiones
1209 3262 1302 3328 lexioi

185 3379 280 3444 saepe
318 3360 519 3426 memorabili
557 3361 652 3427 modo
689 3360 731 3426 ab
763 3361 858 3444 hujus
889 3360 1077 3428 lectionibus
1110 3364 1301 3449 discrepant.

184 3461 349 3544 Ejusmodi
369 3463 457 3530 locos
479 3463 647 3530 nonnullos
670 3463 829 3542 adnotavi,
851 3485 928 3548 qvos
946 3464 1015 3548 jam
1037 3468 1240 3548 enumerabo,
1256 3470 1302 3535 lo-

186 3564 231 3628 cis
257 3564 433 3632 Homericis
461 3587 500 3631 ea
526 3566 620 3632 lexici
649 3567 804 3632 vocabula
826 3588 1000 3651 apponens,
1022 3569 1081 3634 sub
1105 3571 1216 3654 qvibus
1238 3574 1301 3638 sin·

185 3666 250 3750 guli
273 3669 484 3750 reperiuntur.
529 3669 645 3747 Quodsi
667 3669 790 3736 scholia
810 3671 939 3754 Didymi
958 3663 1033 3736 'oum
1056 3673 1105 3738 his
1127 3673 1205 3739 locis
1228 3697 1301 3741 con-

184 3769 306 3848 tuleris,
329 3769 368 3836 de
389 3773 567 3838 Aristarchi
588 3773 718 3838 lecturis
741 3774 909 3839 constabit.
953 3773 980 3838 B
1006 3778 1042 3838 12
1065 3775 1124 3840 sub
1146 3781 1301 3864 πασσυδίῃ.

183 3873 295 3938 13415
318 3873 465 3940 αἰθάλοιν.
488 3876 515 3940 Β
537 3881 599 3941 420
622 3877 777 3962 ἀμέγαρτε.
800 3877 827 3942 Β
850 3881 910 3942 707
933 3881 1028 3963 γενεή.
1051 3878 1156 3944 Erat
1172 3882 1300 3968 ἀΐδηλον.

186 4015 389 4026 -anu———n—

284 4065 310 4130 *l
325 4063 452 4120 Fortasse
469 4064 534 4120 haec
551 4080 593 4120 res
611 4064 644 4120 ab
663 4064 848 4134 antiquissima
865 4063 940 4118 illius
958 4065 1055 4121 codicis
1073 4067 1204 4137 scriptura
1221 4071 1301 4128 dedu-

183 4149 266 4205 cenda
283 4151 331 4213 est,
351 4165 430 4220 qvam
446 4165 498 4204 non
514 4149 570 4220 jam
587 4153 658 4206 recte
676 4150 763 4220 legere
780 4149 901 4205 sciebant
917 4151 1083 4220 posteriores.
1115 4153 1154 4209 cf.
1173 4155 1300 4214 Schmidt.

184 4233 302 4302 Quasstt.
321 4235 434 4305 Hesyoh.
453 4233 521 4292 clx.
