3098 4874
1175 359 1214 422 43

137 543 220 614 λέξιν.
243 541 343 628 διόπερ
367 541 477 626 Ἀριστ.
499 541 530 606 ἐν
552 547 589 625 τῃ
613 541 637 606 Ξ
661 541 720 626 (sic
741 561 801 623 pro
824 538 849 607 l’
869 541 940 606 Vill.
957 542 1094 624 emend.)
1111 549 1164 628 τῆς
1180 542 1259 608 Ἰλιά-

139 648 190 715 δος
215 645 358 729 δθέτῃνιεν
387 645 446 730 [τὸ]
475 643 657 730 ,πέφραδέ
678 667 711 708 τε
733 641 865 730 Τρώεσσι
886 645 934 708 καὶ
955 643 1146 729 εὐχόμενος.“
1188 645 1260 712 Ηυο

140 749 223 814 enim
249 749 303 814 hic
334 767 452 826 versus,
481 746 588 830 glossa
609 747 784 832 φράδμων
807 767 827 812 a
848 746 919 812 loco
941 767 998 812 suo
1021 748 1197 830 diremptos
1213 749 1259 814 di-

138 851 316 934 vulsusqve,
338 851 487 934 pertinet,
514 855 550 914 ut
571 855 658 915 recte
675 849 745 932 jam
767 848 919 914 divinavit
944 849 1028 926 Vill.‚
1057 849 1259 916 dissentiente

136 960 246 1020 tamen
278 952 389 1031 Tolho,
424 953 476 1018 cui
508 951 575 1018 hrzi
603 951 782 1018 observatio
810 972 874 1017 non
902 951 962 1016 luit
989 951 1116 1036 cognita
1143 952 1260 1016 nodum

137 1056 288 1140 probata.
311 1093 352 1104 -
372 1055 410 1120 In
432 1055 461 1120 A
483 1059 523 1120 83
545 1055 644 1139 igitur
664 1054 720 1121 Ar.
743 1054 843 1120 voluit
859 1055 968 1140 φράσαι
985 1053 1184 1138 (perpende),
1202 1053 1259 1121 Ze-

140 1157 279 1223 nodotus
306 1162 411 1223 autem
440 1157 534 1222 aliter
561 1158 743 1240 scripserat.
788 1155 859 1222 Hoc
886 1157 968 1222 enim
996 1157 1052 1222 illo
1081 1157 1261 1244 μεταγράφει

140 1261 308 1326 indicatur.
322 1262 354 1345 *)
399 1259 516 1338 Qvodsi
537 1260 606 1342 Ani
627 1259 721 1326 lectio
743 1259 804 1324 suit
825 1259 944 1344 φράσαι,
966 1280 1031 1324 non
1053 1259 1158 1342 potuit
1173 1259 1259 1339 Zeu,

139 1369 176 1426 ut
196 1361 301 1446 Apoll.
323 1362 373 1428 vol
394 1362 501 1445 potius
522 1361 672 1426 librarius
695 1361 763 1445 ejus
785 1362 924 1427 oscitans
945 1381 1093 1444 perverse
1115 1363 1170 1440 ait,
1189 1362 1259 1447 φρά-

137 1485 187 1530 σαι
212 1465 363 1543 scribere‚
390 1464 447 1530 sed
473 1466 594 1552 φράσον,
621 1464 656 1529 id
683 1465 767 1548 qvod
789 1463 885 1529 etiam
907 1463 1005 1529 schol.
1028 1462 1056 1528 Α
1078 1467 1118 1527 83
1142 1463 1260 1529 diserte

138 1567 227 1632 dicit.
270 1567 323 1633 Ita
349 1567 476 1650 scripsit
502 1568 535 1632 Z.
564 1568 748 1651 „ignorans”
775 1605 815 1616 -
845 1565 940 1650 qvid?
962 1572 1043 1630 teste
1064 1565 1166 1631 lexico
1189 1569 1260 1652 φρά·

140 1671 249 1733 σασθαι
274 1669 378 1734 media
403 1669 505 1735 forma
526 1669 752 1752 perpendendi,
775 1668 997 1734 considerandi
1019 1669 1179 1734 notionem
1204 1670 1260 1735 ha·

141 1770 227 1836 bere.
260 1771 369 1838 Potius
391 1771 496 1838 dicere
513 1771 622 1836 debuit
637 1773 745 1857 φράσαι
761 1771 781 1835 l.
800 1772 918 1857 φράζειν
931 1792 994 1836 uon
1006 1771 1109 1854 accipi
1125 1771 1259 1852 dicendi,

140 1873 196 1938 sed
217 1873 416 1938 monstrandi
439 1894 542 1939 sensu.
567 1875 609 1953 (v.
631 1873 667 1938 L.
689 1875 745 1938 Ar.
769 1877 811 1938 84
832 1877 906 1958 sq.).

240 1995 365 2076 πλωτῇ
394 1992 473 2078 λέγει
501 1995 551 2079 μὲν
575 1995 622 2058 ἐπὶ
644 2000 696 2080 τῆς
719 1993 837 2058 Ἀἰόλου
859 1997 960 2080 νήσου,
983 1995 999 2058 ὁ
1023 1993 1119 2078 μέντοι
1140 1992 1260 2080 Κράτης

138 2095 239 2160 otacher
265 2095 425 2181 πλεομένῃ,
452 2097 468 2160 d
491 2098 524 2160 δὲ
546 2095 654 2183 Ἀρίστ.
677 2097 832 2181 κινουμένῃ
855 2121 881 2159 κ.
904 2096 1045 2180 πλεούσῃ.
1089 2095 1156 2160 Hos
1180 2096 1259 2162 duos

138 2200 365 2282 grammaticos
386 2199 470 2264 inter
491 2220 525 2265 se
548 2200 717 2266 certavisse
739 2207 771 2265 et
786 2202 896 2263 Anum
914 2198 1080 2263 adversum
1099 2196 1259 2262 Cratetem
1317 2191 1319 2196 ’

138 2300 244 2384 diplas
271 2302 415 2384 posuisse
443 2302 499 2388 (M.
527 2301 731 2386 Sengebusch
758 2301 851 2365 Hom.
881 2300 955 2366 diss.
983 2300 1009 2378 1,
1039 2303 1093 2383 59)
1116 2300 1259 2368 conside·

137 2404 226 2468 renti
252 2404 389 2486 suspicio
411 2404 560 2470 subnasci
582 2410 697 2487 potest,
720 2403 908 2486 Pergameni
930 2403 1111 2486 opinionem
1133 2424 1197 2468 non
1220 2425 1259 2469 ex

136 2506 239 2590 ipsius
261 2507 397 2590 scriptis,
419 2507 475 2573 sed
496 2527 536 2572 ox
557 2507 735 2572 Aristarchi
756 2506 946 2570 auctoritato
967 2505 1135 2589 Apollonio
1152 2507 1258 2590 cogni·

137 2613 204 2674 tam
227 2608 332 2675 luisse.
357 2609 435 2694 (vid.
457 2611 655 2693 prooemium
677 2615 831 2686 nostrum,
855 2607 893 2672 de
916 2607 1066 2690 cratete).
1112 2607 1258 2674 Concedo

137 2717 246 2777 tamen
268 2713 347 2778 haec
370 2733 409 2777 ex
431 2712 541 2778 eodem
558 2711 737 2796 glossarum
753 2731 887 2795 corpore
905 2732 1035 2776 manare
1051 2711 1193 2794 potuisse
1210 2715 1258 2776 at·

137 2835 199 2898 qve
226 2816 391 2882 scholica
417 2819 447 2894 3,
475 2835 555 2898 qvae
582 2815 691 2880 eadem
719 2815 786 2880 fero
818 2821 913 2898 atqve
938 2813 1072 2891 lexicon,
1095 2811 1188 2877 modo
1212 2811 1259 2876 di-

137 2919 274 2984 sertiora
300 2926 332 2984 et
357 2918 563 3002 amplificata,
590 2919 765 2984 continent:
800 2916 869 2982 ἔνιαι
896 2917 947 3001 μὲν
975 2918 1027 3001 τὴν
1057 2915 1257 3002 ἐμπλευμένῃν

66 3085 71 3090 ,
137 3022 197 3084 οἷον
226 3023 278 3106 τὴν
306 3021 513 3106 ἐμπλεομένυις
539 3020 637 3090 τόποις
662 3021 795 3108 κειμένην
822 3025 920 3105 νῆσον,
947 3020 967 3104 ἢ
991 3019 1160 3089 eruderate
1181 3019 1259 3104 λέγει

137 3126 190 3209 τὴν
218 3121 346 3188 Αἰολίαν.
374 3124 391 3186 ὁ
418 3124 452 3188 δέ
473 3122 580 3210 ’Apion
604 3161 645 3174 -
667 3163 708 3172 -
730 3125 793 3188 ἀντὶ
814 3129 865 3187 τοῦ
888 3126 1004 3209 φυρῃτῃ
1026 3124 1084 3186 οἷον
1107 3147 1259 3210 περιφερο-

137 3227 223 3312 μένῃ,
246 3229 287 3296 ὥς
308 3250 380 3290 ποτε
403 3227 454 3312 μὲν
477 3228 506 3290 ἐν
529 3231 587 3296 τοῖς
608 3227 717 3304 δεξιοῖς,
739 3228 810 3291 ποτὲ
831 3227 865 3290 δὲ
885 3227 915 3289 ἐν
931 3231 989 3294 τοῖς
1003 3211 1161 3311 άρισςεμυῖς
1175 3227 1259 3312 δρᾶσ·

135 3331 188 3394 θαι
215 3335 247 3396 et
273 3329 338 3396 alia
365 3329 476 3396 multa.
505 3329 534 3394 ἐν
563 3331 596 3393 δὲ
622 3328 712 3416 άλλιμ.
735 3329 958 3415 πρυσιςλευμένῃ
982 3331 1030 3392 ὑπ’
1053 3329 1216 3414 ἀνθρώπων
1237 3329 1258 3416 ἧ

136 3433 354 3520 περιφερομένῃ
382 3433 438 3498 ὑπὸ
465 3439 517 3518 τῆς
538 3433 698 3516 θαλάσσης.
722 3431 838 3517 ἄμεινον
861 3433 894 3496 δὲ
916 3432 948 3494 οδ
970 3430 1109 3517 πρότερον
1132 3455 1158 3494 κ.
1183 3455 1207 3494 τ.
1230 3437 1257 3495 λ.

135 3535 176 3602 Η.
199 3536 241 3602 Μ.
266 3536 302 3614 Q.
325 3536 359 3600 T.
383 3536 422 3601 V.
444 3535 524 3601 Cum
544 3535 625 3602 haec
646 3535 757 3601 soholl.
779 3555 843 3600 non
865 3533 967 3600 solum
990 3533 1102 3600 cadem
1120 3533 1260 3601 habeant

136 3639 244 3704 omnia
266 3659 346 3722 qvae
367 3637 461 3704 lexici
483 3637 646 3716 articulus,
669 3637 725 3702 sed
747 3637 844 3702 etiam
865 3636 965 3703 multo
987 3636 1092 3720 plura,
1108 3635 1178 3701 fieri
1194 3657 1259 3701 non

135 3745 252 3824 potest,
284 3745 320 3806 ut
351 3740 524 3806 scholiasta
558 3740 682 3806 lexicon
715 3739 942 3823 compilaverit.
985 3738 1114 3804 Rectius
1141 3737 1259 3804 dixeris

135 3842 341 3926 Apollonium
369 3864 387 3910 s
414 3842 543 3910 scholiis
571 3842 621 3908 vel
646 3843 753 3926 potius
781 3863 799 3908 o
826 3842 914 3908 fonte
940 3839 1076 3924 qvodam
1100 3840 1260 3908 communi

135 3966 196 4012 sua
218 3945 371 4012 hausisse.
416 3946 478 4034 (cf.
502 3946 561 4012 sub
584 3946 690 4030 λάων).

136 4087 342 4100 ———

236 4156 263 4221 *)
276 4153 317 4208 Ol.
335 4153 359 4208 A
375 4156 393 4212 3
410 4153 465 4216 sch,
482 4151 615 4224 ,ἰφθίμους
632 4151 725 4222 ψυχάςι
743 4149 781 4204 δτι
797 4155 883 4209 κακῶς
899 4167 962 4210 τινες
979 4152 1161 4222 μεταγράφουσι
1172 4149 1250 4221 ἰφδιμ.

134 4241 252 4314 κεφαλάς.
