3108 4870
303 267 345 326 84

261 467 378 536 gruens
404 444 516 510 voluit:
544 469 651 527 „arma
678 459 710 518 et
737 452 945 538 qvodcunqve
967 457 1250 526 instrumentum“.
1295 464 1406 531 Lehrs

261 556 316 618 Ar.
347 552 416 612 150.
461 546 578 613 Scholl.
606 551 629 615 Σ
658 557 729 620 614.
757 555 783 618 Τ
810 559 860 618 21.
906 556 1068 640 Singulas,
1093 582 1178 642 qvae
1200 564 1256 628 hic
1277 586 1405 648 propo-

260 663 379 722 nuntur
402 648 659 734 significationes,
682 657 793 722 eodem
816 656 928 722 ordine
943 658 1125 725 Homericis
1144 665 1305 746 exemplis
1323 689 1405 748 pro-

262 763 319 826 001
339 753 389 816 Ε1.
413 751 454 814 M.
479 788 517 800 -
541 754 574 818 id
598 759 682 838 qvod
700 759 768 842 jam
791 758 912 824 Tollius
934 760 1015 826 vidit
1030 799 1073 810 --
1091 765 1282 847 „inteyriore
1298 769 1405 849 Apol·

260 859 344 927 10010
376 853 424 917 vel
452 853 514 917 alio
544 864 641 937 certe,
669 861 776 926 nescio
806 860 907 942 cujus,
935 861 1056 927 lexico“
1084 885 1192 928 usum.
1239 868 1405 951 Exempla

257 979 359 1047 supra
381 977 524 1038 apposui
779 1041 786 1052 .

366 1060 462 1143 ὅρινε
484 1066 603 1141 γενικῶς
625 1071 677 1150 τῆν
699 1068 798 1154 ψυχὴν
820 1065 934 1148 ἐκίνησε
955 1066 1003 1130 διὰ
1025 1069 1191 1152 τὸνλόγον·
1219 1074 1287 1154 (τοῦ
1309 1073 1402 1157 λόγου

257 1167 349 1247 11111.)
379 1161 432 1224 οὐκ
458 1161 602 1246 ἐρωτικῶς
629 1173 690 1248 νῦν,
719 1173 783 1232 ἀλλ’
806 1169 938 1252 όργθως.
982 1169 1127 1250 Respicit
1150 1172 1264 1254 glossa
1286 1175 1313 1238 B
1339 1180 1403 1240 142

258 1273 310 1342 vel
338 1265 446 1351 potius
473 1263 496 1326 Δ
524 1270 601 1347 208;
630 1271 671 1337 cf.
701 1273 766 1337 sch.
795 1273 882 1355 διπλῆ
910 1272 982 1355 πρὸς
1004 1273 1037 1334 τό
1060 1270 1140 1356 ὄρινε
1164 1275 1237 1360 [ότι]
1262 1278 1325 1340 ἀντὶ
1348 1283 1403 1341 τοῦ

257 1375 335 1446 κατὰ
370 1369 468 1454 ψυχὴν
503 1368 625 1454 ἐκίνησε.
669 1376 747 1441 Post
774 1373 859 1456 λόγον
887 1372 1020 1438 nonulla
1048 1375 1210 1440 excidisse
1239 1379 1403 1460 videntur,

259 1486 332 1552 dico
367 1472 390 1537 Γ
424 1475 485 1534 395
516 1480 547 1537 et
575 1477 689 1558 qvibus
716 1479 769 1543 ille
797 1477 942 1562 ἐρωτικῶς
969 1497 1046 1540 0000
1074 1477 1260 1558 explicatus
1288 1481 1402 1561 fuerit;

257 1591 398 1655 fortasse
426 1596 443 1638 e
471 1578 538 1640 sch.
566 1577 589 1641 Γ
618 1585 679 1644 395
708 1581 820 1663 0110110
848 1600 886 1644 00
913 1579 1073 1660 expiscari
1101 1583 1264 1660 potuerit:
1294 1583 1338 1646 ότι
1365 1584 1402 1647 oh

258 1695 305 1757 δεῖ
331 1679 447 1748 ἀκούειν
478 1715 517 1726 -
540 1718 582 1728 -
609 1683 749 1768 έθόμωσε
771 1683 846 1746 ἀλλὰ
867 1683 899 1744 τὸ
922 1685 1120 1765 παρώρμησεν
1144 1683 1278 1746 κατὰτὸ
1303 1685 1401 1769 ἐρωτι·

258 1795 321 1861 κόν.
367 1784 447 1848 Tum
471 1791 642 1865 exceperat
663 1807 774 1852 versus
795 1785 819 1846 Δ
842 1787 903 1846 208
926 1783 972 1848 010
993 1782 1074 1846 fere:
1099 1782 1169 1845 όταν
1194 1785 1229 1846 δὲ
1251 1785 1326 1870 λέγη
1350 1793 1401 1851 010

260 1918 334 1965 oum
359 1884 586 1968 explicatione:
611 1887 664 1950 οὐκ
686 1890 832 1972 ἐρωτικῶς
854 1891 903 1949 νῦν
925 1909 952 1949 κ.
976 1909 1001 1948 τ.
1025 1888 1052 1946 λ.

366 1989 455 2056 όσσα
484 1989 516 2074 [ἡ
544 1990 611 2054 θεία
638 1993 718 2077 sch]
747 1991 874 2072 κληδών,
897 1991 983 2074 φήμη
1007 1988 1041 2050 ἐκ
1062 1987 1136 2050 θεοῦ
1160 1985 1325 2071 [Ἡσίοδος
1347 1992 1400 2075 τὴν

259 2111 357 2171 πᾶσαν
381 2094 482 2182 φωνήν
505 2093 556 2156 Ε1.
579 2093 647 2179 Μ.].
691 2095 781 2158 Haec
803 2091 945 2174 qvamvis
967 2093 1121 2170 excerpta
1142 2087 1185 2152 ah
1208 2091 1400 2158 Aristarcho

261 2199 448 2292 repetenda.
492 2195 539 2260 cf.
562 2198 629 2261 soh.
651 2197 679 2260 B
702 2201 742 2260 93
765 2200 839 2258 010
862 2197 933 2256 282.

368 2298 575 2382 ὀσσόμενος.
619 2300 640 2362 i.
670 2321 700 2381 q.
725 2295 836 2362 scholi.
861 2296 889 2357 A
914 2295 1037 2358 10011
1061 2296 1134 2358 356.
1158 2317 1177 2358 α
1203 2297 1264 2358 115
1291 2295 1324 2360 S.
1347 2297 1398 2362 Ε1.

263 2413 307 2479 Μ,
331 2431 356 2476 s.
380 2427 410 2469 v.
434 2402 469 2464 L.
492 2402 548 2466 Ar.
571 2423 603 2483 p.
626 2406 666 2465 87
690 2423 738 2483 sq.

368 2505 493 2572 οόλιος
525 2504 637 2588 ἀστήρ
672 2502 803 2586 ὀλέθριος
836 2524 862 2562 κ.
895 2499 1035 2584 χαλεπός.
1069 2497 1148 2580 λέγει
1176 2499 1210 2562 δὲ
1238 2499 1287 2562 τόν
1316 2501 1397 2585 κόνοι.

263 2619 337 2682 Vox
365 2614 454 2677 extat
480 2605 509 2670 A
537 2609 587 2668 62.
616 2605 671 2668 ubi
693 2604 748 2668 alii
770 2601 920 2684 legebant
941 2600 1041 2670 αὔλιος
1063 2601 1167 2685 ἀστήρ,
1190 2603 1400 2668 Aristarchus

265 2727 373 2786 autem
403 2711 499 2778 οὔλιος
527 2709 566 2786 01,
594 2729 679 2785 nam,
707 2712 744 2770 01
770 2703 883 2768 scholii
910 2703 1015 2768 verbis
1042 2708 1191 2780 0100-
1215 2741 1257 2752 -
1280 2703 1341 2768 ἔστι
1368 2707 1401 2768 δὲ

265 2828 325 2910 (00.
355 2819 455 2884 αὔλιος
482 2812 532 2877 vel
560 2811 691 2894 ἑσπέριος
718 2810 824 2892 ἀστήρ)
852 2805 974 2874 ἀλόπιος
1002 2806 1063 2890 (sio
1091 2827 1164 2869 cum
1191 2805 1243 2870 Ε1.
1272 2806 1317 2871 M.
1340 2828 1400 2889 pro

266 2926 352 3008 vulg.
375 2918 522 3002 ἀλύπως),
546 2916 594 2978 καὶ
616 2915 656 2982 εἰς
678 2913 838 2976 ἀνάπαυσιν
861 2909 940 2993 ἄγων
964 2908 1000 2971 τὰ
1022 2913 1094 2994 ζῷα.
1139 2907 1401 2974 1011000001-

267 3028 319 3092 100
348 3020 531 3106 comparari
558 3038 623 3081 non
645 3015 788 3098 potuisse
810 3011 991 3089 Hectorem,
1014 3011 1048 3074 in
1070 3009 1174 3074 medio
1197 3031 1329 3093 pugnae
1351 3017 1401 3075 tu·

267 3129 369 3194 multo
399 3125 604 3197 eminentem
632 3115 836 3182 scribendum
862 3114 960 3197 igitur
982 3111 1079 3176 οόλιον
1102 3149 1143 3159 -
1166 3113 1215 3174 τὸν
1238 3117 1292 3176 τοῦ
1316 3113 1403 3180 κυνὸς

268 3231 377 3316 ἀστέρα
394 3265 432 3276 -·
451 3227 499 3290 τὸν
517 3222 694 3310 φθοροποιὸν
711 3244 738 3282 κ.
755 3217 958 3302 λαμπρότατον
978 3217 1127 3300 (0100010
1145 3215 1242 3280 etiam
1258 3215 1403 3282 Achilles

270 3337 477 3416 comparatur
499 3328 570 3392 1000
593 3322 810 3407 pulcherrimo
832 3320 862 3382 X
885 3323 925 3382 26
949 3319 1046 3401 sqq.).

373 3433 529 3499 οόνεσθε
551 3427 647 3512 όνησόν
670 3449 732 3490 τινα
754 3423 840 3507 ἔχετε
863 3422 937 3508 [hoc
958 3420 1030 3484 1000
1048 3418 1197 3484 addenda
1213 3424 1303 3501 pute,
1322 3439 1404 3502 qvae

268 3559 382 3608 sensus
404 3557 480 3600 mox
502 3532 700 3613 seqventium
722 3525 887 3610 postulare
906 3522 1031 3588 videtur
1053 3527 1085 3586 01
1102 3541 1182 3603 qvae
1199 3521 1312 3586 eadem
1329 3522 1404 3586 Ari.

270 3644 413 3710 stonicus
450 3635 593 3719 legebat:
627 3635 647 3717 ἢ
683 3629 891 3714 ἐξεραυλίσατε
928 3626 977 3688 καὶ
1014 3623 1188 3709 ἐμέμψασθε
1220 3623 1271 3687 νο1
1305 3623 1402 3707 sim.].

270 3748 384 3828 Itaqve
422 3736 612 3824 Apollonius
650 3733 676 3798 Ω
716 3736 775 3796 241
818 3731 911 3793 aliter
948 3726 1026 3810 legit
1064 3731 1095 3790 et
1130 3725 1272 3808 explicat
1307 3732 1404 3807 atqve

272 3845 489 3920 Aristarchus,
518 3839 609 3921 cujus
636 3843 744 3901 tamen
770 3831 960 3896 sententiam
985 3827 1070 3892 idem
1098 3848 1174 3891 mox
1195 3825 1305 3892 affert:
1330 3829 1404 3912 εόρί-

271 3971 378 4034 σκομεν
407 3947 440 4010 δὲ
466 3943 604 4029 (00111001
630 3936 717 4022 apud
746 3932 871 4016 Arzum)
904 3931 1052 4016 διαφόρως
1074 3929 1233 4013 λεγομένην
1256 3931 1309 4013 τὴν
1330 3930 1403 4000 λε’ξιν

273 4055 309 4138 „A
339 4047 474 4114 ὀνόσασθ’
503 4047 547 4110 ότι
575 4067 623 4127 μοι
649 4039 809 4126 Κρονίδης“
838 4035 877 4119 (Ω
902 4036 989 4118 241).
1013 4031 1181 4117 ἐπιφέρεται
1203 4033 1236 4094 δὲ
1258 4032 1353 4101 οότως
1375 4058 1402 4096 κ.
1533 4055 1534 4104 1

274 4151 414 4226 ἐνταῦθα,
437 4149 495 4212 οἷον
520 4145 701 4232 ἐμέμψασθε·
724 4139 918 4224 καταστρέφει
940 4137 972 4199 δὲ
995 4135 1035 4204 εἰς
1056 4134 1116 4198 ἰ’σον
1138 4142 1179 4222 τῷ
1196 4135 1404 4220 ἑξεφαυλίσαςε
