3108 4870
284 351 325 413 92

342 534 556 618 ταλαύρινον
580 533 736 619 τολμηρόν.
760 540 906 619 παρῆκται
928 535 960 596 δὲ
982 531 1092 619 ἡλέΕις
1108 533 1188 618 παρὰ
1205 533 1237 596 τὸ
1255 537 1369 620 τλῆναι,

237 661 264 700 κ.
294 636 328 699 οὐ
357 635 481 719 ἔγκειται
506 636 522 698 ὁ
546 636 631 721 ῥινός,
654 639 695 704 ὠς
717 635 787 699 οὐδὲ
810 637 839 699 ἐν
863 642 904 722 τῷ
927 635 1095 720 κελαινεφές
1117 637 1174 716 (so.
1198 637 1312 720 uipu*l
1335 637 1369 698 τὸ

237 737 335 823 νέφος.
379 738 469 802 Haec
495 738 595 820 igitur
617 759 727 802 earum
751 743 800 802 est
820 757 943 814 vocum,
967 757 1102 818 qvarum
1124 736 1260 801 alteram
1283 757 1368 801 com·

237 841 406 922 positionis
433 845 559 922 partem
582 839 786 903 Herodianus
809 838 995 902 delitescere
1016 838 1067 902 vel
1089 838 1252 920 quiescere
1274 844 1368 920 puta·

236 942 303 1020 bat,
327 963 405 1025 qvas
427 941 635 1005 Aristarchus
657 947 765 1004 autem
787 961 828 1004 ne
851 941 1044 1022 compositas
1067 939 1193 1022 quidem
1215 939 1272 1004 sed
1294 939 1367 1004 sim·

236 1043 336 1127 pliccs
364 1063 432 1107 esse
460 1040 608 1106 ducebat.
653 1041 788 1124 Utrique
815 1042 955 1128 ψιλωτέον
985 1042 1115 1125 placuit.
1160 1041 1290 1126 Trypho
1312 1063 1369 1106 au·

236 1151 302 1209 tem
324 1165 434 1208 vocem
457 1145 667 1226 compositam
686 1165 755 1208 esse
778 1144 869 1208 duxit
891 1167 918 1208 ν.
942 1145 1008 1208 sch.
1029 1144 1145 1207 E289.
1173 1143 1204 1206 Η
1220 1149 1292 1208 239.
1320 1143 1370 1209 De

237 1249 287 1311 his
309 1247 411 1310 Lehrs
433 1247 489 1310 Ar.
514 1251 586 1325 308,
610 1251 682 1310 309.

341 1348 546 1432 ητανύηκες.
592 1349 663 1412 Hoc
686 1370 758 1413 cum
782 1349 821 1412 de
843 1348 951 1430 gladio
975 1347 1106 1412 dicitur:
1130 1370 1206 1426 ,,ταν.
1230 1347 1302 1432 tom
1326 1344 1370 1430 (ll

237 1449 316 1534 473)
348 1452 560 1533 compositum
589 1457 647 1529 est,
676 1451 708 1513 τὸ
734 1451 894 1534 τεταμένην
923 1449 992 1534 ἔχον
1020 1452 1072 1534 τὴν
1102 1449 1186 1534 ἀκήν,
1214 1449 1235 1511 i.
1265 1471 1291 1512 e.
1314 1450 1369 1534 τὴν

236 1553 343 1638 ἀκμήν,
368 1553 527 1637 [τουτέστιν
549 1553 733 1637 ἠκονημένον
749 1553 801 1616 Et.
817 1551 875 1635 nl]
893 1552 964 1630 (ubi
978 1559 1113 1634 utraque
1129 1550 1370 1632 compositionis

235 1675 313 1737 pars
340 1653 523 1737 significat);
553 1675 624 1718 cum
652 1676 727 1719 vero
751 1653 930 1737 „runcantur
951 1651 1052 1725 ίίζουςα
1076 1651 1118 1736 (Π
1141 1655 1217 1735 768)
1241 1651 1368 1729 dicitur,

237 1763 286 1821 est
313 1777 375 1820 vox
402 1755 599 1840 παρηγμένος
626 1755 702 1820 ficta
730 1757 872 1840 [ἁπλῆ.ἡ
902 1757 975 1825 λέξις
1002 1755 1053 1818 Et.
1077 1753 1134 1838 Μ.]
1158 1775 1218 1836 pro
1242 1753 1370 1821 ταναοίις

236 1858 317 1942 [τοὺς
339 1857 514 1942 τεταμένους
536 1859 663 1925 κλάδους
684 1858 735 1921 Et.
759 1857 827 1941 M.];
851 1857 1008 1940 quomodo
1030 1855 1209 1940 κελαινεφὲς,
1237 1875 1310 1918 cum
1328 1854 1369 1919 de

236 1959 315 2024 Jove
343 1960 459 2024 dicitur
486 1960 513 2024 B
540 1964 614 2038 412,
643 1959 820 2042 composita
847 1966 896 2024 est
917 1981 987 2035 vox,
1007 1979 1079 2022 oum
1102 1977 1176 2022 vero
1198 1958 1369 2041 κελαινεφὲς

236 2061 318 2145 αἷμα,
353 2063 576 2144 paragogica.“
625 2061 790 2126 Hactenus
824 2061 959 2139 lexicon,
995 2061 1213 2125 consentiente
1242 2059 1293 2122 Et.
1322 2057 1367 2122 M.

236 2162 283 2227 Oi.
306 2185 406 2245 supra
428 2165 597 2248 ταλαύρινον
622 2171 654 2228 et
674 2163 853 2250 κελαινεφές.
887 2163 1016 2245 Optime
1030 2163 1127 2226 etiam
1141 2163 1175 2226 in
1188 2160 1368 2242 prosodicis

235 2265 425 2345 Apollonius
454 2286 526 2329 cum
553 2267 630 2330 Ano
658 2266 766 2332 facere
793 2267 928 2330 videtur.
973 2264 1020 2328 ot.
1050 2263 1161 2330 scholl.
1190 2263 1315 2328 X319.
1339 2260 1367 2326 ll

236 2369 308 2429 768.
332 2369 348 2428 δ
372 2369 443 2430 257.
466 2367 500 2430 L.
524 2369 579 2432 Ar.
604 2371 676 2432 309.

338 2470 450 2554 τάφος
469 2469 489 2532 i.
510 2491 541 2551 q.
562 2471 737 2554 κατάπληξις
756 2495 778 2556 φ
800 2474 871 2549 122,
893 2471 940 2534 ἐπὶ
955 2473 988 2534 δὲ
1001 2474 1055 2533 τοῦ
1070 2469 1253 2554 περιδείπνου
1268 2490 1287 2550 γ
1303 2469 1364 2530 309

236 2575 268 2634 et
296 2569 322 2632 Ω
350 2575 423 2646 804,
456 2610 498 2619 -
525 2556 616 2656 νήσου
645 2570 739 2657 ὄνομα
766 2597 785 2635 α
812 2576 885 2636 417.
930 2574 978 2637 Dc
1007 2573 1111 2637 altera
1132 2568 1363 2653 significatione

236 2673 310 2755 qvid
338 2675 544 2738 Aristarchus
571 2676 716 2752 senserit,
744 2676 898 2740 novimus.
944 2676 975 2738 Ψ
1002 2678 1042 2738 29
1071 2675 1163 2759 τάφος
1190 2674 1223 2734 τὸ
1251 2674 1361 2736 δεῖπνον

235 2776 267 2838 τὸ
295 2778 361 2860 περὶ
383 2778 435 2860 τὴν
459 2779 554 2862 ταφὴν
577 2776 742 2861 γενόμενον.
787 2776 900 2858 Itaque
922 2777 1044 2842 scholio
1067 2776 1148 2840 duce
1170 2776 1296 2839 lexicon
1318 2774 1363 2838 sic

234 2879 496 2942 restaurandum:
525 2879 550 2943 ἐ.
578 2881 603 2940 δ.
633 2883 685 2941 τοῦ
713 2881 780 2963 περὶ
802 2881 854 2963 τὴν
878 2881 974 2964 ταφὴν
997 2880 1114 2942 δείπνου
1137 2875 1188 2942 vel
1209 2880 1262 2938 τοῦ
1284 2898 1362 2958 περι·

234 2980 339 3062 ταφίου
366 2981 494 3056 δείπνου,
522 2981 605 3062 qvod
632 2980 731 3045 habet
756 2980 856 3045 schol.
883 3005 901 3063 γ
924 2983 996 3054 309,
1020 2979 1062 3044 ad
1084 2986 1150 3044 tres
1171 2978 1245 3042 illas
1267 2976 1362 3059 signi·

232 3079 399 3145 ficationes
429 3081 508 3145 duas
531 3081 667 3145 addens:
700 3083 733 3145 τὸ
757 3086 907 3166 μνημεῖον,
930 3083 963 3144 τὸ
986 3088 1077 3165 σῆμα.
1123 3080 1169 3144 ef.
1194 3085 1226 3144 et
1248 3101 1268 3142 α
1290 3083 1361 3144 417.

233 3181 385 3246 Attamen
416 3183 487 3250 vide
516 3183 587 3247 Vill.
615 3185 675 3265 Ap.
704 3183 764 3248 lex.
792 3185 824 3248 h.
852 3207 880 3250 v.
909 3190 941 3249 et
967 3183 1116 3266 Hesych.,
1140 3182 1193 3265 qvi
1223 3180 1362 3264 explicat

233 3285 413 3368 περίδειπνον
437 3283 485 3346 ἐπὶ
506 3290 544 3367 τῇ
567 3285 784 3370 κατοιχομένων
808 3288 888 3369 τιμῇ.

345 3387 448 3468 τάχα.
498 3387 650 3450 Lehrsius
691 3389 758 3467 (Ar.
799 3391 839 3450 92
878 3389 940 3470 sq.)
981 3386 1182 3451 demonstrat
1220 3385 1361 3449 Aristar·

233 3485 328 3551 chum
351 3485 487 3551 voluisse
509 3490 603 3571 ,πάχα
624 3510 796 3572 numqvam
818 3487 999 3572 significare
1021 3487 1200 3567 „fortasse“‚
1222 3487 1279 3552 sed
1294 3506 1363 3551 esse

231 3589 386 3670 temporis
418 3588 630 3654 adverbium.“
676 3591 794 3656 Scholl.
828 3614 847 3653 α
875 3595 946 3653 251.
980 3589 1008 3652 Β
1036 3593 1087 3653 89.
1132 3589 1294 3653 Incertum
1323 3607 1363 3654 ex

230 3688 281 3752 his
313 3689 445 3755 minutis
477 3692 631 3774 reliquiis,
665 3693 727 3757 hoc
754 3693 850 3756 otiam
885 3691 926 3756 ab
960 3711 997 3756 eo
1030 3690 1228 3756 intellectum
1255 3690 1361 3768 luerit,

231 3809 358 3872 semper
384 3793 566 3876 significare
593 3797 711 3873 „mox“,
739 3813 911 3876 numquam
940 3793 1045 3872 „cito“.
1091 3791 1180 3869 Qvod
1207 3791 1293 3858 idem
1321 3790 1362 3856 do

235 3891 401 3971 Apollonio
429 3902 541 3960 nostro
569 3895 632 3959 dici
658 3901 775 3978 potest,
804 3894 896 3978 cujus
918 3895 999 3958 haec
1020 3899 1069 3958 est
1091 3893 1199 3977 glossa
1220 3892 1262 3958 ab
1285 3891 1360 3956 Vill.

231 3991 413 4057 emendata:
438 3995 530 4078 τάχυνε
554 3996 670 4080 ταχέως
693 3996 834 4060 οὐδέποτε
856 3997 889 4060 δὲ
912 3997 1092 4080 [διστατικῶς
1114 3995 1228 4079 schol]
1251 3999 1292 4064 ὥς
1315 3995 1362 4057 ἐπὶ

332 4197 361 4261 *)
373 4211 396 4248 ν.
415 4211 496 4264 supra
514 4196 547 4251 de
563 4198 590 4251 h.
609 4215 634 4254 v.
