3098 4874
1196 371 1233 430 51

148 579 223 626 eum
248 558 338 626 locos
366 557 562 640 attingerent
587 555 684 645 variis
712 553 980 638 explicationibus
1001 559 1153 632 tentatos,
1175 552 1279 636 dupli-

147 683 218 728 cem
240 679 338 743 saepe
359 659 496 725 formam
518 657 741 723 exhibuerunt.
785 656 870 722 Nam
891 656 995 722 altera
1015 661 1109 739 parte
1123 656 1279 738 interpre-

146 763 288 828 tationes
325 760 367 826 ab
404 781 466 825 usu
502 758 674 824 Homerico
712 757 834 822 alienas
872 757 1044 836 refutabat,
1083 777 1143 840 qvo
1176 757 1280 822 tendit

148 863 311 947 diplarum
342 881 430 940 usus,
464 860 567 926 altera
593 881 687 926 usum
714 858 920 924 Homericum
947 858 1091 924 stabilire
1118 859 1278 926 studebat.

149 965 289 1043 Qvarum
311 963 452 1046 priorem
474 961 664 1044 Apollonius
686 981 783 1043 saepe
805 961 921 1040 omisit,
945 983 1017 1026 cum
1038 961 1073 1026 id
1094 961 1156 1026 sibi
1177 963 1278 1026 maxi-

149 1089 201 1132 me
227 1065 457 1150 proposuisset,
483 1070 520 1130 ut
547 1063 623 1148 qvid
648 1063 867 1148 significarent
894 1063 1021 1147 singula
1047 1063 1204 1129 vocabula
1226 1085 1278 1130 co·

151 1172 326 1252 gnosceret,
349 1167 425 1250 qvid
445 1187 509 1232 κιονι
530 1165 749 1250 significarent
771 1165 898 1232 levioris
920 1167 1072 1231 momenti
1095 1186 1163 1232 esse
1184 1173 1279 1250 puta·

151 1276 210 1335 ret.
255 1268 319 1348 Qvo
346 1268 392 1347 fit,
421 1274 457 1333 ut
478 1269 584 1334 rarius
606 1272 741 1350 utraqve
763 1271 857 1349 parte
875 1267 1018 1350 integras
1040 1274 1201 1350 proponat
1222 1269 1277 1334 ob·

150 1357 356 1436 servatioues.

250 1471 321 1536 Hoc
342 1477 450 1536 tamen
474 1470 561 1536 cadit
583 1470 616 1534 in
640 1469 734 1534 haec:
763 1468 981 1552 ἀθεμίστων,
1004 1470 1276 1557 ἑκατόγχειρον,

145 1573 440 1658 κερδαλεόφρον,
463 1575 572 1657 κῆλα,
594 1570 856 1657 κραταιγύαλοι
870 1570 945 1651 (sub
960 1571 1118 1658 γύαλος),
1135 1579 1199 1660 κρῖ,
1217 1599 1277 1638 πο-

145 1676 288 1752 λύαινε,
311 1675 504 1760 πεφράδοι,
527 1679 644 1759 σῶμα,
667 1675 746 1738 ὦδε.
791 1672 828 1736 In
852 1673 965 1756 qvibus
987 1678 1095 1740 tamen
1117 1676 1278 1744 nonnullis

145 1797 210 1841 non
240 1775 357 1841 diserte
385 1775 503 1840 dicitur
531 1775 614 1840 hanc
636 1774 686 1840 vel
708 1774 798 1839 illam
819 1774 1117 1857 interpretationem
1141 1779 1182 1844 ab
1205 1781 1277 1844 Ari-

144 1878 276 1944 starcho
304 1878 490 1942 damnatam
516 1875 625 1956 fuisse,
653 1875 710 1940 sed
732 1876 834 1960 magis
857 1897 894 1941 eo
917 1877 1080 1956 alluditur,
1104 1901 1176 1944 eum
1198 1881 1277 1947 alio·

144 2001 218 2044 rum
239 1979 522 2062 interpretationes
544 1999 620 2043 mox
642 1978 782 2060 excipiat
803 1978 992 2058 Aristarchi,
1011 1987 1187 2062 praeeunte
1201 2003 1276 2064 par-

145 2080 245 2146 ticula
272 2080 314 2158 δέ,
344 2081 434 2164 qvasi
462 2081 500 2145 iis
524 2080 683 2162 opposita.
727 2079 967 2161 Interpretatio,
990 2101 1084 2162 qvam
1108 2082 1196 2165 diple,
1217 2085 1275 2148 im-

19 2189 23 2196 “
143 2190 356 2266 pugnaverat,
374 2184 493 2266 partim
509 2183 600 2261 latet,
617 2182 737 2265 partim
755 2183 929 2265 conspicua
946 2187 1003 2262 est,
1015 2205 1043 2248 v.
1057 2205 1083 2248 c.
1095 2184 1128 2248 in
1141 2185 1273 2272 ἐπήτη,

145 2286 275 2372 (λογίῳ),
298 2292 415 2372 μῆνις,
438 2285 609 2370 Σμινθεῦ.

251 2387 439 2471 Plerumqve
462 2387 580 2453 omissa
602 2399 641 2452 ea
662 2387 830 2466 sententia,
849 2407 943 2469 qvam
959 2387 1166 2454 Aristarchus
1184 2391 1274 2474 siguo

146 2487 259 2554 critico
286 2489 540 2573 impugnaverat,
568 2487 671 2554 solam
699 2488 794 2572 hujus
822 2487 1119 2570 interpretationem
1147 2492 1276 2558 exhibet
1358 2498 1360 2502 ‘

144 2589 401 2674 lexicographus,
424 2591 476 2656 cui
497 2592 560 2656 hoc
582 2590 624 2656 ad
646 2589 814 2656 consilium
836 2589 932 2654 lexici
954 2591 1056 2674 magis
1078 2597 1190 2676 aptum
1206 2614 1275 2662 esse

143 2691 314 2758 videretur.
360 2692 449 2770 Qvod
476 2715 505 2759 v.
529 2713 556 2758 c.
579 2692 665 2758 valet
687 2691 727 2756 de
749 2692 812 2758 his:
836 2692 1085 2776 ἐπαιγίζοντα,
1109 2695 1274 2779 ἐπίηλεν,

143 2793 293 2880 ἐπίηρα,
322 2795 565 2878 ἐπιστάμενος
593 2795 649 2878 (ί),
677 2794 1101 2884 κλίσιον,·κλυτόπωλος,
1124 2821 1274 2882 κρατεσ·

142 2896 254 2974 τοίων,
283 2898 482 2975 στείνοντο,
510 2897 717 2981 συνώμεθα,
746 2897 1019 2981 ὑπεμνήμυκεν,
1049 2897 1273 2986 ὑπέρμορον,

143 2997 244 3084 φόβος.

244 3101 273 3165 E
296 3101 534 3166 commentariis
555 3102 736 3168 Aristarchi
747 3101 819 3184 ipsa
836 3102 904 3184 ejus
921 3102 1020 3168 verba
1037 3103 1147 3170 afferri
1163 3106 1272 3173 videu-

141 3206 196 3265 tur
218 3202 278 3267 sub
301 3203 351 3267 his
373 3202 547 3281 vocabulis,
570 3202 626 3268 ubi
648 3203 834 3286 plenissima
856 3209 889 3270 et
909 3206 1118 3290 integerrima
1140 3229 1181 3273 ex
1203 3210 1273 3293 ejus

142 3303 271 3387 seriptis
305 3310 457 3388 excerpta
484 3304 649 3388 leguntur:
683 3306 906 3389 ἀθεμίστων,
940 3309 1177 3392 δυσηλεγέος,
1212 3311 1273 3398 ἐμ-

141 3407 321 3492 πλήγδην,
350 3406 600 3490 ἐπαιγίζοντα,
629 3407 778 3493 ἐπίηρα,
806 3409 961 3494 ἕρματα,
984 3411 1127 3495 ἑρμῖνα,
1152 3412 1272 3478 ἰονθά-

141 3509 217 3587 δος,
244 3509 428 3593 καλάμην,
456 3513 562 3593 κῆλα,
590 3509 742 3587 κλίσιον,
769 3512 1046 3595 κραταιγύαλοι,
1075 3518 1272 3599 κρατευτά-

141 3634 203 3688 ων,
230 3615 302 3696 κρῖ,
331 3613 571 3697 περιρρηδής,
595 3613 791 3698 πεφράδοι,
813 3611 966 3692 Σίντιες,
989 3619 1141 3694 σκῶλος,
1165 3616 1271 3702 Σμιν-

140 3711 221 3789 θεῦ,
261 3715 381 3796 σῶμα,
420 3714 733 3797 ὑπερικταίνοντο,
768 3715 1066 3800 ὑπεροπλίσαιτο,
1101 3720 1270 3804 φαεινήν,

140 3813 269 3900 φόβος,
292 3815 378 3894 ὧδε,
400 3817 565 3900 ὠτειλήν.

244 3919 273 3979 2.
318 3915 391 3982 Alia
419 3922 468 3981 est
496 3916 606 3982 elassis
633 3915 872 3995 vocabulorum,
902 3937 1036 3999 qvorum
1064 3917 1271 4001 explicationi

140 4015 182 4080 ab
204 4016 276 4099 ipso
299 4017 486 4082 Aristarcho
509 4018 674 4101 profectae
696 4017 851 4100 adjuncta
872 4024 947 4083 suut
969 4018 1034 4084 alia
1056 4020 1193 4087 aliorum
1216 4046 1272 4090 ex·

139 4117 281 4201 plicandi
310 4125 435 4198 conata,
464 4120 505 4185 ab
528 4119 600 4186 aliis
622 4119 764 4186 fontibus
786 4120 970 4204 repetenda.
1015 4121 1151 4188 Videtur
1172 4126 1272 4209 Apol-

138 4219 225 4288 lonio
247 4221 307 4302 vel,
331 4223 470 4306 qvisqvis
492 4223 554 4290 hoc
575 4223 701 4289 lexicon
725 4223 935 4305 concinnavit,
957 4230 1087 4308 praesto
1105 4227 1185 4292 etin
1201 4249 1271 4296 ma-
