3108 4870
328 415 389 476 114

282 599 458 664 sententiae
480 602 622 663 mutatae
644 601 726 675 sunt,
751 596 844 662 modo
867 619 947 680 qvae
967 595 1014 662 illi
1029 619 1160 680 prorsus
1177 597 1399 680 displicebant,

280 707 514 785 proponuntur,
543 701 638 768 modo
665 721 789 766 summa
816 701 1036 784 explicationis
1064 707 1096 766 et
1122 701 1234 785 regula
1254 701 1308 766 illa
1329 703 1401 784 qvi·

281 804 351 870 dem
374 805 442 869 Anti
465 811 522 883 est,
545 803 601 869 ssd
622 803 783 870 remissior
805 802 900 882 lacta,
923 805 969 870 ita
990 810 1025 869 ut
1046 803 1141 870 latius
1157 810 1267 887 pateat
1281 809 1311 868 st
1325 803 1400 886 plu-

280 929 332 972 res
359 908 509 973 admittat
535 907 747 990 exceptiones.
791 905 833 970 Et
860 906 1045 989 plerumque
1072 914 1195 973 tantum
1222 907 1400 992 lexicogra-

278 1011 362 1094 phus
390 1010 527 1076 servavit
552 1009 778 1088 similitudinis,
806 1015 843 1074 ut
864 1009 1090 1093 explicationes
1112 1009 1186 1076 illae
1208 1010 1333 1094 qvidem
1355 1009 1399 1076 ab

279 1116 356 1178 Arzo
383 1114 486 1196 primo
515 1117 646 1178 auctore
672 1111 846 1195 prolectas,
873 1113 928 1178 sed
956 1119 1068 1195 postea
1089 1119 1231 1178 mutatae
1253 1119 1285 1178 et
1306 1113 1399 1178 vitia·

279 1221 332 1280 tae
349 1216 381 1279 in
398 1215 521 1280 lexicon
535 1215 715 1298 pervenisse
726 1213 902 1280 videantur.
919 1215 1075 1298 Exempla
1086 1215 1217 1280 aderam
1229 1215 1396 1282 nonnulla:

380 1319 464 1404 ἀήρ,
488 1319 537 1384 ὅτε
560 1320 610 1404 μὲν
633 1320 798 1405 ἀρσενικῶς,
821 1319 837 1382 ύ
860 1318 1085 1404 περικεχυμένος
1106 1320 1271 1404 ἡμῖν,’περ“ι
1289 1319 1323 1383 ού
1341 1343 1397 1406 φη-

277 1441 337 1486 σιν.
354 1420 421 1508 (cit.
444 1421 468 1485 Ξ
492 1425 552 1486 287
576 1426 649 1507 sq.).
672 1423 722 1488 ύτε
744 1423 777 1486 δὲ
797 1422 945 1507 θηλυκῶς,
967 1425 1019 1508 τὴν
1042 1423 1154 1487 σκοτίαν
1178 1423 1320 1507 σημαίνει
1356 1425 1394 1487 At

277 1525 378 1590 multo
407 1525 593 1590 concinnius
619 1531 651 1590 et
678 1526 859 1591 accuratius
886 1526 951 1590 sch.
974 1525 1005 1589 h.
1027 1525 1049 1592 l.
1072 1529 1091 1611 ἡ
1114 1527 1140 1588 δ.
1165 1525 1190 1589 d.
1213 1523 1279 1588 καθ’
1300 1521 1392 1610 Ὄμη-

278 1649 327 1712 ρον
350 1628 408 1712 ἀήρ
431 1629 447 1690 ύ
469 1629 527 1691 ἀπὸ
549 1634 604 1713 γῆς
627 1627 713 1714 μέχρι
733 1633 829 1714 νεφῶν
851 1628 939 1696 τόπος
961 1633 993 1693 ot
1014 1649 1094 1711 qvas
1116 1634 1222 1694 cetera
1245 1628 1284 1694 dc
1307 1629 1394 1694 coslo

277 1737 309 1794 et
336 1730 464 1795 aethere
492 1729 670 1796 definiendo
696 1732 953 1814 praecipiuntur;
981 1752 1008 1795 ν.
1036 1730 1070 1794 1..
1101 1732 1154 1795 Ar.
1185 1735 1254 1795 164.
1284 1731 1389 1796 scholl.

276 1832 303 1896 B
325 1836 397 1896 458.
419 1832 447 1896 E
471 1837 542 1896 749.
587 1831 675 1910 Qvod
697 1854 771 1898 sero
791 1854 851 1916 pro
872 1833 937 1898 alia
959 1833 1086 1898 notione
1108 1832 1194 1897 alind
1217 1854 1316 1917 genus
1337 1855 1392 1916 po-

276 1935 372 2014 nitur,
400 1935 461 2000 hoc
489 1934 599 2000 dubito
621 1935 757 2000 tueritne
775 1935 965 2026 'Aristarcho
988 1935 1167 2018 probatum.
1212 1934 1328 2002 Scholl.
1352 1935 1396 2000 ad

276 2037 301 2102 P
330 2041 402 2116 644,
430 2041 491 2102 649
520 2043 644 2103 tantum
672 2038 805 2104 habent:
835 2041 854 2124 ἡ
883 2040 909 2102 δ.
938 2039 965 2104 ll.
988 2044 1089 2125 σαφῶς
1111 2040 1163 2124 τὴν
1185 2042 1297 2102 σκοτίαν
1319 2040 1395 2125 ἀέρα

274 2141 360 2224 λέγει·
388 2139 448 2205 ἔστι
472 2141 527 2226 γὰρ
550 2141 652 2205 ταύτδν
675 2144 712 2226 τῇ
735 2143 844 2227 ὁμίχλῃ
868 2192 876 2206 .
900 2191 907 2206 .
932 2193 939 2207 .
963 2167 972 2206 ι
995 2147 1056 2207 144
1078 2142 1146 2227 ἀήρ·
1170 2143 1271 2226 ἀχλύς.
1293 2141 1332 2206 Η.
1357 2143 1394 2207 L.

202 2257 205 2270 ¹
274 2246 329 2308 Ar.
356 2248 425 2308 102.
467 2244 509 2308 Et
531 2244 558 2308 E
581 2249 653 2324 776,
676 2248 816 2329 qvamvis
839 2245 879 2311 de
900 2245 1036 2328 caligine
1059 2245 1224 2328 cogitetur,
1239 2243 1332 2328 vulgo
1347 2245 1393 2310 le·

275 2346 375 2430 gitur:
399 2348 464 2432 περὶ
486 2345 511 2410 δ’
535 2346 610 2433 ἠέρα
631 2348 740 2412 ποολύν
765 2397 772 2411 .
796 2397 804 2412 .
827 2347 935 2431 Neqve
956 2347 1030 2412 Hes.
1053 2348 1137 2412 hanc
1159 2346 1392 2412 distinctionem

274 2450 371 2516 novit.

366 2551 462 2616 εἴσω.
506 2552 553 2618 De
575 2554 670 2636 hujus
685 2575 745 2620 usu
759 2554 1021 2637 praepositionali
1037 2553 1140 2636 Apoll.
1157 2575 1228 2620 oum
1243 2555 1303 2619 A:o
1319 2575 1391 2619 con·

273 2658 377 2722 sentit.
423 2655 470 2721 Of.
493 2656 559 2720 sch.
582 2654 607 2718 Ω
633 2660 702 2720 145.
748 2655 836 2734 Qvod
857 2677 932 2722 vero
954 2657 1090 2743 συνήθως
1111 2660 1180 2742 ἡμῖν
1203 2657 1234 2723 h.
1257 2679 1284 2721 ι.
1302 2678 1387 2722 usur·

273 2761 345 2844 pari
372 2761 426 2840 ait,
455 2761 510 2824 Ar.
532 2767 704 2843 repugnat:
728 2759 813 2839 „elom
836 2760 922 2843 apud
944 2759 1036 2825 Hom.
1061 2781 1186 2842 semper·
1207 2765 1328 2824 motum
1352 2759 1387 2824 si·

273 2864 412 2948 gnificat,
439 2870 475 2928 ut
502 2862 583 2928 ἔνδον
611 2867 746 2928 statum“
773 2864 808 2928 L.
838 2865 892 2928 Ar.
924 2868 985 2928 134
1012 2885 1059 2946 sq.
1083 2863 1130 2928 cf.
1153 2871 1259 2928 tamen
1283 2885 1391 2928 versus

272 2991 292 3050 η
318 2971 355 3030 13
379 2973 410 3031 et
432 2965 462 3029 H
486 2969 556 3045 270,
580 2965 635 3030 ubi
657 2966 751 3031 lexici
773 2968 884 3052 regula
907 2968 1075 3034 convenire
1097 2967 1230 3033 videtur.

374 3070 624 3156 ἐπεδραμέτην
647 3071 804 3136 ἐπεδίωκον
826 3072 980 3158 φεύγοντα.
1025 3073 1067 3136 At
1088 3073 1142 3136 Ar.
1162 3071 1261 3138 voluit
1276 3071 1389 3157 ἐπιδρα-

273 3178 335 3259 μεῖν
364 3194 433 3239 esse
459 3174 693 3256 imprudentem
720 3176 875 3258 persequi.
918 3175 954 3238 L.
985 3177 1036 3239 Ar.
1064 3179 1132 3239 127.
1157 3174 1186 3238 K
1209 3178 1271 3238 354
1293 3175 1336 3238 ὅτι
1355 3176 1387 3237 τὸ

272 3279 364 3363 ἐπιδρ.
386 3313 428 3325 -
451 3276 500 3340 ὅτε
522 3277 556 3340 ού
577 3281 710 3362 γινώσκει
732 3280 748 3342 t
770 3278 954 3364 διωκόμενος.
999 3278 1147 3344 Fortasse
1169 3277 1263 3342 lexioi
1284 3277 1383 3362 glossa

271 3401 386 3446 manca
412 3387 461 3446 est
487 3387 520 3445 et
546 3381 592 3446 sic
620 3381 686 3448 lere
713 3381 921 3448 restituenda:
951 3381 1060 3446 ..ἐπ
1088 3382 1136 3444 τδν
1159 3379 1193 3444 ού
1215 3384 1384 3464 γινώσκοντα

271 3484 415 3571 φεύγοντα
438 3484 490 3567 (i).
1186 3547 1191 3557 ,

373 3583 513 3673 ἰφθίμη.
557 3586 605 3650 Oi.
633 3587 731 3653 schol.
760 3590 776 3650 δ
799 3589 861 3652 797
884 3587 958 3672 'lot
982 3587 1091 3672 κούρῃς
1114 3587 1291 3673 ἀμφιβάλλει
1312 3585 1388 3672 Ἀρί·

269 3711 396 3776 σταρχος
417 3689 539 3775 πύτερον
562 3689 694 3754 ἐπίθετον
718 3691 750 3752 τὸ
773 3691 814 3775 tp.
837 3692 856 3774 ἢ
880 3691 986 3775 κύριον.
1009 3689 1044 3754 Ρ.
1061 3689 1123 3754 Alii
1133 3690 1204 3774 jam
1219 3691 1387 3756 audacius:

268 3795 301 3856 τὸ
318 3792 398 3880 Ἱφδ.
421 3791 514 3879 ύνορα
535 3794 633 3880 κύριον
656 3843 663 3857 .
750 3795 802 3878 τὴν
825 3794 955 3879 ἀδελφὴν
971 3798 1024 3878 τῆς
1039 3790 1232 3877 ΙΙηνελύπης.,
1255 3794 1291 3858 Ε.
1307 3791 1386 3869 Qvin

268 3901 368 3961 totam
396 3897 549 3962 familiam
578 3917 764 3962 enumerare
793 3895 936 3960 sciebant
962 3895 1058 3960 Icarii
1080 3901 1112 3960 ot
1134 3896 1320 3961 Asterodiae
1342 3897 1386 3979 (v.

267 3998 377 4064 scholl.
400 3999 502 4082 ibid).
546 3999 623 4065 Cum
646 4001 701 4063 Ar.
724 3999 822 4083 igitur
844 3999 933 4063 mihil
954 4005 1073 4064 temere
1089 3998 1287 4078 decrevisset,
1304 3997 1386 4082 glos·

267 4101 446 4184 sographus
473 4109 582 4168 noster
608 4100 839 4168 recentioribus
866 4101 1051 4166 assentitur:
1080 4101 1189 4187 ἀγαθή.
1218 4100 1278 4165 ἔστι
1304 4101 1336 4162 δὲ
1358 4123 1384 4162 κ.

267 4201 360 4288 ὄνομα
381 4203 478 4288 κύριον
501 4202 532 4266 Ἰ.
555 4207 575 4289 ἡ
598 4211 651 4290 τῆς
673 4203 726 4273 Πτς
748 4205 873 4291 ἀδελφή.
897 4205 949 4269 cit.
972 4206 988 4268 δ
1012 4208 1083 4268 797.
1106 4208 1166 4270 κτλ.

368 4305 577 4390 κεοδμῶνες
609 4309 639 4369 αἱ
665 4308 845 4384 καταδύσεις,
874 4308 953 4392 παρὰ
980 4308 1012 4370 τὸ
1038 4307 1152 4372 κεύδειν
1182 4345 1220 4354 -
1251 4305 1384 4391 κρύπτειν
