3098 4874
1195 353 1235 413 23

15 545 23 607 's
148 541 199 605 bis
227 539 426 605 edoceamur.
472 536 536 602 Sed
563 535 747 620 hujusmodi
777 535 912 615 articuli,
942 536 1128 619 exquibus,
1152 535 1278 618 utopi-

149 662 217 720 nor,
246 641 438 706 concludere
465 638 584 720 licebit,
613 638 879 721 quemadmodum
906 639 1011 720 prima
1038 639 1141 704 lexica
1170 638 1278 702 condi-

145 751 182 808 ta
216 746 289 825 sint,
325 743 448 808 scilicet
481 741 782 806 commentariorum
816 741 913 804 variis
942 741 1052 805 frustis
1081 739 1277 805 adverbum

146 844 426 922 transscribendis,
461 842 656 925 colligendis,
691 842 733 906 ad
762 847 882 907 certam
905 843 1063 906 rationem
1086 841 1277 924 redigendis,

143 946 322 1011 admodum
343 945 439 1028 pauci
461 945 494 1008 in
516 944 619 1008 lexico
642 943 738 1008 hodie
760 944 966 1026 reperiuntur
990 943 1134 1028 (plurimi
1156 943 1223 1007 fere
1245 943 1278 1005 in

143 1069 219 1129 cap.
248 1047 343 1126 Izm03
372 1045 500 1112 aliunde
527 1046 611 1110 adde
639 1046 793 1132 ὑββάλλειν
821 1051 853 1110 et
881 1045 947 1129 al).
973 1084 1015 1092 —
1037 1046 1119 1108 Tum
1141 1044 1277 1108 alterum

143 1168 248 1229 genus
272 1153 319 1212 est
340 1148 560 1225 articulorum,
581 1148 643 1229 qvi,
660 1167 851 1230 quamquam
867 1146 1104 1210 commentariis
1122 1146 1276 1228 originem

144 1249 264 1325 debere
295 1250 443 1314 uidentur
470 1255 502 1314 et
529 1249 636 1314 indole
665 1249 831 1330 coloreque
859 1249 1000 1313 auctoris
1026 1247 1159 1330 proprio
1188 1246 1275 1311 haud

146 1351 273 1416 omnino
307 1357 427 1430 carent,
463 1351 592 1415 nomine
614 1355 722 1414 tamen
746 1351 885 1414 auctoris
909 1357 1048 1414 careant.
1095 1347 1277 1432 (Ejusmodi

140 1452 325 1534 compluria
356 1453 473 1516 videsis
506 1453 540 1515 in
568 1472 639 1533 cap.
667 1452 724 1535 ΙΙ).
770 1452 842 1516 Alia
868 1452 1025 1516 vocabula
1059 1453 1155 1516 etiam
1181 1452 1276 1533 plura

145 1554 287 1635 produnt
309 1553 523 1635 excerptionis
545 1553 674 1618 indicia.
719 1553 795 1634 Ipsa
818 1553 988 1635 explicatio
1013 1559 1060 1618 est
1082 1553 1184 1635 magis
1201 1573 1275 1616 con-

146 1659 261 1730 tracta,
285 1655 409 1718 omissis
424 1655 680 1719 adversariorum
697 1655 876 1733 sententiis3
894 1655 1035 1737 qvamvis
1050 1655 1158 1737 igitur,
1176 1673 1274 1736 quare

146 1755 282 1838 qvidqve
302 1762 448 1820 notatum
470 1755 575 1834 fuerit,
598 1756 707 1834 lateat,
730 1757 801 1838 ipsa
823 1763 930 1821 tamen
953 1757 1093 1822 auctoris
1116 1756 1274 1820 sententia

144 1857 222 1920 satis
250 1855 338 1920 clara
364 1857 557 1938 proponitur
579 1857 742 1942 (exempla
763 1859 865 1941 ibid).
890 1896 931 1906 -
953 1859 1096 1940 Denique
1117 1857 1272 1940 ejusmodi

138 1963 227 2036 sunt,
262 1978 342 2040 qvae
375 1959 494 2022 nudam
528 1965 653 2024 tantum
686 1959 748 2025 loci
777 1967 833 2024 aut
860 1962 947 2026 vocis
974 1961 1271 2043 interpretationem

142 2059 316 2124 exhibeant
344 2080 476 2142 eamque
504 2081 601 2144 saepe
627 2068 695 2126 tam
723 2067 921 2127 contractam
946 2069 977 2127 et
1000 2063 1214 2135 obscuratam,
1235 2063 1274 2124 'ut

140 2161 218 2242 qvid
240 2161 302 2225 sibi
324 2161 459 2226 voluerit
482 2169 604 2241 auctor,
628 2165 681 2228 vix
703 2169 869 2246 appareat.
915 2165 957 2228 Et
979 2163 1159 2246 glossarum
1181 2161 1213 2224 in
1231 2165 1272 2226 si-

143 2262 355 2327 militudinem
378 2264 458 2328 haec
481 2264 606 2346 quidem
630 2265 764 2329 multum
786 2265 943 2330 inclinant
966 2264 1127 2348 (exempla
1149 2286 1175 2328 v.
1200 2283 1270 2346 cap.

142 2363 218 2448 III);
246 2385 356 2429 versus
383 2371 491 2431 tamen
520 2367 683 2446 homerici,
707 2367 849 2450 qvamvis
871 2367 1032 2432 interdum
1056 2366 1139 2432 male
1162 2387 1270 2431 corru-

142 2466 193 2547 pti
215 2470 247 2530 et
271 2466 451 2545 disturbati,
474 2467 661 2550 plerumque
683 2469 839 2552 adscripti
861 2475 944 2534 sunt.

244 2567 272 2631 E
300 2568 464 2651 glossariis
497 2575 604 2634 autem
638 2592 718 2653 qvae
750 2572 867 2636 hausta
900 2593 968 2637 esse
1000 2573 1157 2651 uidentur,
1191 2572 1271 2636 haee

139 2689 264 2751 quoque
291 2671 419 2757 variam}
440 2672 597 2754 praebent
619 2673 767 2754 speciem.
811 2673 885 2738 Alia
907 2675 990 2738 enim
1013 2675 1183 2756 genuinam
1206 2673 1270 2739 for·

138 2792 216 2836 man
239 2793 382 2838 servasse
406 2776 448 2856 (v.
474 2795 543 2856 cap.
565 2774 623 2858 ΙΙ),
647 2775 712 2840 alia
734 2775 882 2840 mutilata
905 2796 973 2839 esse
996 2780 1094 2856 patet,
1119 2796 1158 2838 ac
1174 2796 1270 2856 saepe

137 2873 269 2954 quidem
295 2875 342 2939 ita
369 2881 406 2939 ut
432 2875 550 2942 lemma
572 2881 697 2941 tantum
721 2882 808 2942 extet
831 2877 873 2961 (v.
898 2897 966 2958 cap.
985 2875 1044 2940 ΙΙΙ.
1078 2877 1269 2962 εἰκοσινήριτα

135 2974 275 3053 stall).

244 3075 294 3140 Ex
326 3078 388 3142 hoc
420 3077 509 3143 brevi
543 3084 717 3162 conspectu
748 3079 842 3144 lexici
868 3079 1017 3144 mutilata
1046 3085 1077 3144 et
1104 3087 1270 3148 contracta

139 3177 288 3244 condicio
312 3179 381 3264 jam
403 3181 489 3246 ultro
513 3187 662 3262 apparet3
686 3202 779 3264 qvam
804 3183 900 3246 etiam
922 3183 1024 3266 magis
1048 3185 1270 3265 apparituram

138 3300 209 3345 esse
243 3301 348 3363 spero,
384 3303 455 3346 cum
492 3282 534 3346 ad
567 3282 694 3366 singula
728 3284 925 3348 recensenda
950 3286 1112 3368 progressi
1140 3286 1268 3350 erimus,

134 3382 231 3462 ¹Tum,
264 3389 300 3448 ut
333 3405 437 3466 spero,
469 3384 603 3467 patebit,
641 3405 735 3468 qvam
768 3405 870 3468 prope
898 3407 919 3451 a
949 3407 1006 3451 suo
1035 3386 1172 3470 qvidqve
1199 3388 1268 3452 fon—

136 3490 170 3549 te
193 3483 287 3549 absit.

241 3585 454 3670 Etymologici
482 3587 593 3671 Magni
615 3588 773 3656 conditori
796 3589 920 3654 lexicon
942 3596 1087 3654 nostrum
1112 3591 1267 3674 integrius

134 3690 171 3750 et
188 3687 230 3750 ad
247 3689 417 3770 genuinam
429 3689 668 3756 similitudinem
679 3692 814 3774 propius
827 3693 982 3758 accedens
994 3692 1035 3757 ad
1047 3714 1176 3757 manum
1189 3692 1266 3755 fuis-

137 3806 182 3866 se,
203 3787 277 3870 jure
300 3791 449 3874 colligere
471 3793 601 3874 poteris,
626 3793 711 3875 qvod
730 3793 823 3858 multi
840 3794 978 3871 articuli,
997 3794 1048 3874 qvi
1066 3793 1152 3874 apud
1169 3793 1267 3875 Apol-

137 3887 259 3954 lonium
292 3894 449 3974 conkacti
482 3899 514 3959 et
546 3895 685 3960 mutilati
720 3901 804 3975 sunt,
843 3897 876 3958 in
913 3895 1133 3978 Etymolcgioo
1171 3917 1267 3980 saepe

136 3988 331 4074 integriores
360 3998 391 4057 et
413 3993 574 4077 longiores
596 3994 757 4078 leguntur.
802 3995 948 4076 Utroque
971 3995 1069 4077 igitur
1092 3996 1195 4063 lexico
1218 3999 1265 4063 in-

136 4094 188 4156 ter
215 4112 249 4157 se
276 4095 470 4160 conterendo
498 4116 594 4178 saepe
622 4096 664 4160 ad
691 4096 897 4178 Apollonium
925 4096 1158 4166 emendandum
1180 4101 1267 4166 haud

137 4210 252 4271 parum
291 4195 497 4262 emolumenti
535 4197 704 4277 redundat,
739 4203 833 4280 atqve
865 4197 1086 4284 Etymolcgioo
1119 4202 1267 4285 adjutore
