3108 4870
671 1161 784 1263 Caput
809 1164 965 1244 tertium

362 1330 433 1396 Hoc
463 1330 533 1396 loco
566 1332 691 1398 demum
719 1333 922 1416 Apollonium
949 1333 1151 1398 introducam
1180 1337 1212 1398 et
1239 1332 1381 1396 Aristar-

262 1433 354 1499 chum
376 1433 459 1498 inter
481 1455 515 1500 se
537 1433 765 1500 dissentientes.
800 1435 882 1501 Sunt
904 1435 986 1500 euim
1008 1436 1041 1500 in
1056 1435 1157 1501 lexico
1173 1434 1282 1512 multa,
1299 1456 1382 1517 quac

262 1537 401 1618 quamvis
427 1537 468 1602 ab
495 1535 681 1604 Aristarcho
709 1539 813 1622 primo
836 1545 967 1604 auctore
990 1539 1144 1622 originem
1167 1542 1312 1620 repetere
1335 1537 1381 1601 ui-

262 1639 407 1717 deantur,
434 1645 541 1704 tamsn
569 1640 676 1706 multis
699 1641 801 1707 modis
823 1642 887 1706 alia
909 1641 1003 1706 aliter
1024 1640 1065 1706 ab
1089 1640 1158 1722 ejus
1180 1639 1326 1704 doctrina
1350 1644 1381 1703 et

260 1740 386 1823 placitis
408 1741 568 1820 recedunt,
592 1742 782 1826 discrepant,
806 1743 911 1808 aliena
933 1748 1021 1823 snnt;
1045 1744 1147 1808 itaut
1169 1763 1232 1807 non
1247 1763 1286 1806 ex
1301 1741 1380 1824 ipsis

261 1842 330 1924 ejus
362 1843 498 1926 scriptis,
526 1845 581 1910 sed
607 1865 666 1927 per
691 1845 815 1909 viarum
839 1845 989 1929 ambages
1017 1844 1288 1911 crecentioribus
1311 1843 1381 1909 fon·

261 1943 346 2010 tibus
367 1947 400 2010 in
422 1946 544 2012 lexicon
566 1947 802 2030 permanavisse
824 1946 1001 2012 uideantur.
1047 1947 1130 2025 Quos
1152 1947 1257 2012 uarios
1279 1967 1318 2011 ac
1333 1945 1380 2010 di-

261 2069 368 2114 uersos
394 2049 491 2114 luisse
517 2056 605 2132 puto.
648 2049 737 2114 Alias
761 2049 844 2114 enim
867 2050 991 2134 glossas
1015 2070 1032 2115 e
1054 2049 1218 2133 glossariis
1239 2049 1378 2113 Aristar·

261 2151 311 2216 chi
338 2157 370 2216 et
395 2151 539 2230 aliorum,
567 2152 646 2218 alias
674 2173 691 2217 e
720 2152 898 2236 glossarum
918 2153 968 2218 uel
990 2153 1287 2235 interpretationum
1309 2171 1373 2214 cor·

260 2273 338 2336 pore
361 2254 505 2336 quodam,
528 2254 607 2319 alias
630 2275 647 2318 a
669 2255 904 2320 commentariis
926 2254 1153 2338 discipulorum
1174 2255 1293 2336 petitas
1311 2271 1377 2316 esse

260 2355 426 2437 probabile
448 2361 503 2421 cst.
548 2355 650 2434 Quare
671 2377 732 2440 quo
753 2357 878 2422 facilius
901 2357 1007 2422 omnia
1022 2378 1086 2421 uno
1102 2357 1192 2439 quasi
1207 2359 1378 2438 conspectu

259 2456 430 2536 uideamus,
457 2459 582 2542 singula
608 2465 705 2541 prout
731 2459 772 2524 ab
799 2459 978 2524 Aristarchi
1001 2459 1164 2524 sententiis
1187 2457 1379 2540 discrepant,

259 2559 292 2624 in
314 2579 432 2644 genera
453 2560 607 2644 quasdam
631 2560 818 2644 digeremus.

359 2663 377 2747 ᾖ
403 2667 429 2726 l.
473 2665 520 2728 Ac
551 2663 689 2746 primum
723 2663 879 2748 glossulas
907 2661 1060 2746 quasdam
1085 2682 1273 2746 proponam,
1297 2679 1382 2742 quac

257 2765 434 2831 Aristarchi
461 2766 586 2850 quidem
613 2766 840 2849 explicationes
868 2777 900 2830 et
927 2765 1100 2830 sententias
1123 2765 1297 2840 continent,
1323 2762 1381 2828 sed

259 2867 339 2933 adso
366 2873 547 2934 contractas
574 2875 606 2934 et
630 2868 736 2946 exiles,
758 2874 804 2948 ut,
828 2889 926 2951 quare
948 2868 1083 2951 quidque
1105 2867 1146 2933 ab
1168 2867 1224 2932 illo
1246 2866 1380 2931 adnota-

259 2975 326 3034 tum
354 2969 460 3048 luerit,
489 2991 590 3053 paene
617 2970 717 3035 lateat
746 2977 787 3048 et,
816 2969 891 3053 quid
913 2970 1058 3050 uoluerit,
1080 2969 1214 3035 obscure
1236 2974 1268 3034 et
1290 2967 1380 3050 quasi

260 3071 359 3155 digito
393 3077 516 3136 tantum
543 3071 749 3155 significetur.
796 3071 913 3150 Quodsi
940 3073 999 3137 has
1027 3072 1150 3156 glossas
1176 3071 1381 3136 brevissimas

259 3195 331 3240 cum
364 3173 540 3238 Aristarchi
572 3174 841 3254 adnotationibus,
875 3174 983 3258 quales
1010 3175 1208 3240 Aristonicus
1235 3171 1379 3249 tradidit,

259 3275 439 3353 contuleris,
466 3274 554 3339 illum
582 3297 646 3341 non
674 3277 752 3342 satis
779 3277 930 3342 habuisse
956 3276 1076 3342 nudam
1103 3277 1291 3359 brevemque
1314 3281 1380 3340 sta·

258 3384 347 3443 tuere
368 3377 454 3444 uocis
475 3377 748 3462 significationem,
770 3378 827 3444 sed
850 3378 889 3444 de
911 3399 970 3444 usu
992 3378 1221 3445 uocabulorum
1236 3383 1268 3442 et
1282 3397 1379 3442 sensu

257 3480 400 3547 locorum
427 3479 668 3546 Homericorum
695 3481 797 3547 multa
824 3483 1026 3564 praecepisse
1053 3481 1143 3546 uaria
1165 3485 1197 3544 et
1218 3478 1311 3545 utilia
1332 3479 1377 3545 ui·

258 3581 356 3648 debis.
401 3581 502 3660 Quare
529 3583 556 3648 si
583 3582 829 3666 lexicographus
855 3584 926 3665 ipsa
952 3583 1131 3648 Aristarchi
1153 3581 1251 3647 uerba
1273 3581 1379 3664 expri-

258 3691 367 3763 meret,
400 3705 464 3750 non
491 3683 586 3750 dubie
608 3684 783 3767 pleniorem
811 3689 843 3749 et
867 3685 1070 3768 integriorem
1099 3683 1167 3766 ejus
1194 3683 1372 3750 doctrinam

257 3788 405 3868 referret3
427 3787 615 3870 praesertim
637 3808 709 3852 cum
731 3787 844 3852 ceteris
864 3785 952 3864 locis,
973 3786 1113 3870 quamuis
1129 3785 1374 3869 epitomatorum

257 3889 340 3955 inter
366 3909 478 3954 manus
509 3895 662 3968 uersatus,
689 3889 758 3972 ejus
785 3889 955 3973 imaginem
982 3889 1165 3971 neutiquam
1196 3891 1378 3971 corruptam

257 3992 307 4058 uel
329 3991 537 4056 deformatam
559 3991 650 4058 nobis
670 3997 839 4075 proponat.
867 3991 937 4056 Hae
951 4011 1025 4056 uero
1040 3990 1197 4057 uberioris
1217 3991 1377 4056 doctrinae

257 4093 409 4176 reliquiae
440 4092 558 4158 nudam
592 4093 729 4177 glossam
763 4093 928 4178 praebent,
956 4114 1020 4160 uno
1046 4093 1096 4159 uel
1124 4093 1246 4158 duobus
1272 4091 1377 4158 uerbis

258 4195 463 4279 explicatam3
486 4195 592 4278 itaque
612 4217 676 4262 non
699 4217 738 4262 ex
759 4197 837 4280 ipsis
859 4195 1036 4261 Aristarchi
1059 4195 1197 4278 scriptis,
1219 4194 1274 4260 sed
1296 4192 1374 4260 eus-
