3098 4874
1199 359 1238 420 41

266 549 379 629 μῆνις.
404 590 412 606 .
436 590 444 606 .
469 541 577 628 Ἀρίστ.
601 543 634 607 δὲ
655 542 739 610 κότος
761 541 962 628 πολυχρόνιος,
984 542 1042 606 ἀπὸ
1066 545 1117 605 τοῦ
1141 541 1290 628 [ἐμμένειν

163 647 253 732 ἤγουν
280 645 381 712 Lehrs
409 645 543 725 emend.;
566 643 617 714 Et.
640 644 683 709 M.
708 645 814 732 μένειν]
838 645 992 729 ἐγκεῖσθαι.
1038 645 1154 710 Omnia
1176 645 1287 710 scholl.

161 754 321 814 testantur
341 749 431 834 χόλον
455 747 496 814 ab
517 749 572 814 Ar.
596 747 707 814 eodem
729 768 824 813 sensu
847 753 1014 832 acceptum
1037 768 1115 826 esse,
1138 767 1177 813 ac
1194 753 1289 833 μῆνιν.

163 852 212 936 (L.
235 854 291 916 Ar.
316 853 403 934 133).
433 849 532 929 Qvam
549 871 624 916 vero
642 853 739 937 μήνιδι
754 849 809 916 ille
824 851 974 917 tribuerit
989 849 1160 929 notionem,
1177 851 1287 915 scholl.

161 975 228 1020 non
249 951 402 1033 indicant,
424 951 529 1036 Apoll.
554 953 640 1018 dicit.
683 953 770 1038 Ergo
786 954 876 1038 χόλος
892 975 1014 1038 qvoqve
1029 953 1113 1022 κότος
1130 952 1289 1038 πολυχρόν.

162 1054 344 1140 significare
364 1053 510 1138 putabat.
555 1053 637 1120 Vide
659 1055 735 1139 Cap.
758 1055 807 1120 III
828 1058 927 1141 χόλος.

267 1155 344 1221 νέον
372 1163 404 1222 et
431 1154 552 1242 ὄρθια.
575 1195 616 1206 -
639 1155 874 1224 Advcrbiorum
896 1159 964 1225 vice
985 1161 1099 1224 neutra
1116 1157 1287 1241 adjectivo·

164 1281 236 1324 rnm
263 1260 422 1324 interdum
449 1259 539 1344 fungi
565 1261 620 1324 Ar.
650 1258 883 1327 observaverat.
927 1261 997 1327 Hoc
1019 1261 1166 1344 Apollon.
1189 1259 1291 1325 tradit

162 1361 197 1425 in
219 1361 269 1426 his
291 1362 445 1428 articulis
469 1401 509 1412 -
533 1363 627 1447 „rior
649 1363 802 1450 ἡβόοινταιι
825 1362 851 1448 (l
874 1363 952 1450 446)
977 1365 1156 1450 μεταφράζει
1177 1361 1287 1448 Ἀρίστ.

165 1467 271 1528 νεωστὶ
292 1465 467 1549 ἀκμάζοντα.
512 1464 593 1530 Item
615 1465 714 1530 schol.
737 1465 822 1530 adl.
845 1466 865 1530 l.
890 1503 930 1514 -
945 1465 1036 1552 ῃῆϋσε
1057 1465 1114 1529 θεὰ
1135 1511 1143 1527 .
1167 1511 1176 1527 .
1200 1510 1208 1527 .
1232 1462 1291 1560 ὅρε
1399 1455 1401 1460 ’

164 1567 243 1630 θια“
266 1567 305 1648 (Λ
329 1571 383 1654 10)
405 1565 515 1654 Ἀρίστ.
537 1568 767 1653 ἀνατεταμένως.

260 1674 354 1733 ,νεῶν
386 1669 416 1734 δ’
444 1672 609 1743 ἀλάπαζε
637 1671 837 1757 φάλαγγας.
882 1671 991 1738 Totius
1018 1670 1080 1736 loci
1108 1667 1290 1752 explicatiO,

166 1791 256 1853 qvae,
278 1779 374 1855 prout
395 1773 468 1837 νέων
492 1779 548 1838 aut
571 1778 645 1837 νεῶν
671 1773 832 1852 scribitur,
856 1773 981 1839 diversa
1003 1773 1050 1837 fit.
1068 1809 1109 1820 -
1124 1769 1288 1857 -'Aplcr.

164 1873 294 1959 μαίνεται
320 1880 477 1960 περισπῶν,
503 1875 538 1938 ἵν’
560 1873 582 1960 ᾖ
604 1875 655 1945 τὰς
677 1878 733 1962 πρὸ
755 1881 812 1940 τῶν
834 1881 907 1940 νεῶν
930 1877 1031 1946 τάξεις
1055 1873 1124 1940 ἔνιοι
1145 1875 1178 1938 δὲ
1201 1877 1288 1961 βαρυ-

162 1979 276 2040 τονοόσι
302 2015 341 2025 -
359 2013 401 2026 -
428 1977 479 2046 τὰς
504 1981 560 2041 τῶν
583 1975 656 2043 νέων
681 1979 793 2063 ἀνδρῶν
816 1979 908 2050 τάξεις
935 1977 1164 2062 intellegentes.
1203 1977 1288 2042 Fieri

159 2081 276 2161 potest,
298 2083 335 2144 ut
356 2080 415 2145 has
438 2080 518 2145 duae
540 2081 704 2164 opiniones
727 2102 766 2146 ex
788 2081 899 2146 eodem
916 2081 1004 2145 fonte
1020 2085 1129 2146 noster
1145 2099 1287 2162 sumpse-

160 2181 213 2259 rit,
247 2181 299 2264 qvi
330 2203 405 2247 vero
438 2187 545 2248 utrum
571 2183 668 2248 luerit
697 2182 942 2248 commentarius
972 2181 1050 2259 Ari,
1077 2181 1132 2246 ubi
1161 2186 1290 2246 contra·

160 2283 229 2346 riae
256 2303 353 2365 saepe
378 2285 464 2349 inter
491 2305 525 2350 se
553 2290 756 2368 comparatas
784 2305 852 2349 esse
880 2284 1054 2349 sententias
1077 2288 1212 2362 constat,
1235 2304 1287 2362 an,

163 2383 199 2448 id
227 2385 309 2468 qvod
335 2387 442 2468 potius
469 2387 625 2470 suspicari
652 2385 761 2452 licebit
788 2385 1001 2452 consideranti
1025 2385 1166 2470 singulas
1189 2385 1288 2468 expli-

165 2488 307 2552 cationes
335 2487 408 2554 laxe
430 2489 514 2554 inter
535 2509 569 2554 se
592 2489 764 2555 cohaerere
786 2510 825 2554 ac
845 2493 949 2554 totum
972 2489 1127 2554 sermonis
1149 2487 1287 2553 colorem

163 2595 232 2656 tam
253 2590 409 2657 incertum
432 2597 464 2657 et
486 2592 670 2676 ambiguum
693 2613 772 2672 esse,
795 2591 940 2658 collectio
958 2591 1014 2657 illa
1030 2590 1289 2674 explicationum,

166 2691 343 2775 dijudicare
358 2694 442 2759 nolo.
475 2693 694 2761 Recentiorem
711 2693 800 2760 illam
818 2693 1063 2778 explicationem
1080 2693 1176 2759 etiam
1188 2693 1286 2758 schol.

165 2794 204 2859 V.
227 2796 258 2860 h.
281 2796 302 2861 l.
325 2797 463 2862 exhibet.

267 2903 373 2984 νηλεῖ
401 2901 460 2965 οἶον
494 2901 620 2985 ἀνηλεεῖ.
654 2901 715 2986 (sio
746 2919 807 2983 pro
840 2899 935 2964 lexici
966 2902 1063 2983 νηλεῖς
1089 2899 1148 2962 οἷον
1175 2901 1289 2983 νηλεεῖς

164 3001 240 3066 vill.
277 3002 352 3068 Hes.
390 3003 472 3088 νηλέϊ
502 3006 605 3090 χαλκῷ
638 3002 661 3068 Γ
694 3006 756 3068 292
790 3001 929 3084 explicat
960 3000 1002 3089 τιό
1034 3003 1164 3087 ἀνηλεεῖ)
1199 3003 1290 3088 [νηλι-

164 3109 223 3174 ταῖς
249 3105 359 3190 insen]
382 3107 590 3193 ἀναμάρτητοι,
612 3107 692 3192 παρὰ
714 3108 746 3170 τὸ
769 3106 873 3170 ἀλιτεῐν
896 3105 984 3190 (vill.
1008 3109 1104 3190 cerr.)
1126 3109 1175 3171 καὶ
1196 3108 1229 3170 τὸ
1250 3110 1286 3193 νή

165 3207 342 3293 στερητικόν.
371 3245 412 3256 -
439 3244 482 3260 —
508 3210 524 3274 ὁ
551 3209 584 3274 δὲ
607 3207 715 3294 Ἀριστ.
738 3209 916 3294 ἁμαρτωλοί
940 3207 987 3272 Of.
1009 3207 1060 3274 Et.
1082 3208 1126 3274 M.
1150 3213 1222 3288 603,
1245 3213 1287 3276 49

164 3311 216 3376 his
238 3310 350 3377 adens:
373 3347 416 3362 -
436 3339 479 3362 2-
500 3312 581 3397 παρὰ
602 3313 636 3374 τὸ
657 3334 693 3396 νη
715 3312 748 3376 τὸ
764 3312 924 3376 ἐπιτατικόν
941 3335 967 3375 κ.
984 3311 1017 3376 τό
1034 3313 1148 3376 ἀλιτεῖν.
1181 3311 1288 3378 Etiam
1315 3351 1318 3357 ·

165 3413 247 3480 haec
268 3433 332 3479 non
354 3415 423 3496 ipse
444 3419 641 3480 commentus
657 3420 705 3480 est
721 3413 967 3498 lexicographus
983 3433 1084 3497 neqve
1100 3415 1205 3498 ipsum
1216 3415 1287 3478 Ari·

165 3516 287 3582 starchi
314 3517 576 3582 commentarium
603 3516 750 3600 inspexit,
778 3516 834 3582 sed
863 3535 902 3582 ex
930 3516 1041 3584 eodem
1068 3517 1156 3582 fonte
1182 3517 1288 3582 hausit

165 3618 251 3682 unde
284 3623 413 3701 sumpta
444 3624 518 3686 sunt
549 3620 660 3686 scholl.
688 3643 705 3683 τ
732 3622 795 3684 498
825 3621 979 3704 νηλίτιδεςι
1006 3620 1085 3705 παρὰ
1112 3621 1144 3684 τό
1172 3620 1287 3682 ἀλιτεῖν.

167 3718 276 3804 Ἀριστ.
305 3721 338 3786 δὲ
366 3721 433 3790 τούς
460 3725 732 3808 πολυαμαρτητοος.
761 3721 879 3808 ἄμεινον
907 3723 940 3786 δὲ
967 3723 1034 3790 τοὺς
1055 3723 1286 3806 ἀναμαρτήτους.

166 3821 204 3888 Β.
227 3829 259 3888 et
279 3826 415 3908 νηλιτεῖςι
437 3825 499 3890 λίαν
522 3826 699 3911 ἁμαρτωλοί·
722 3825 806 3890 ἄλλοι
827 3825 971 3890 ἀπέδοσαν
993 3829 1045 3888 τοῦ
1066 3826 1103 3909 νή
1126 3823 1288 3890 ἐπιτατικοό

167 3923 258 3996 όντος.
287 3926 403 4012 ἄμεινον
431 3929 464 3991 δὲ
490 3928 542 3998 τὰς
568 3929 800 4014 ἀναμαρτήτους,
828 3927 1018 4012 συγκειμένης
1043 3931 1097 4012 τῆς
1122 3926 1228 3998 λέξεως
1254 3927 1290 3991 ἐκ

166 4033 218 4092 τοῦ
245 4031 281 4115 νή
311 4034 490 4115 στερητικοῦ.
519 4030 558 4096 V.
579 4030 637 4096 His
659 4031 743 4095 inter
763 4050 799 4094 se
822 4029 956 4110 collatis,
980 4029 1174 4096 scholiorum
1194 4030 1232 4094 B.
1256 4036 1290 4096 et

166 4131 205 4196 V.
238 4131 448 4217 archetypum
480 4153 520 4198 ex
552 4132 663 4198 eedem
695 4131 942 4215 explicationum
976 4131 1161 4198 collectione
1193 4138 1290 4216 atqve

166 4231 260 4300 lexici
282 4235 453 4300 articulum
474 4255 621 4302 manasse
643 4234 766 4318 opinor.
