3098 4874
268 265 307 324 70

221 447 283 512 loci
312 449 418 512 sensui
445 468 508 512 non
532 449 723 528 conveniret,
745 449 836 513 illum
858 468 985 513 versum
1007 450 1061 512 Ar.
1085 429 1207 532 rejecit.
1252 447 1350 526 Qvem

222 549 275 632 qvi
298 550 418 613 servari
440 549 617 625 voluerunt,
641 551 715 615 huic
737 551 807 616 vooi
830 549 926 614 eliam
949 549 1163 633 subjiciebant
1177 551 1349 629 notionem,

222 650 263 716 ab
290 651 449 734 Hesychio
472 651 576 715 etEt.
599 651 643 714 M.
667 657 835 716 servatam.
880 651 931 714 Et.
955 651 998 714 M.
1023 651 1064 715 ad
1088 651 1118 714 Ψ
1140 655 1220 714 806;
1244 689 1285 700 -
1308 689 1350 699 -

221 753 320 838 ψαύσῃ
350 753 465 815 ἐνδίνων
494 791 536 802 -
564 777 614 817 -—:
638 754 768 817 τουτέστι
794 757 850 816 τῶν
873 753 953 820 ἐντὸς
976 752 1084 817 ὅπλων·
1109 753 1166 816 ἀπὸ
1190 757 1243 816 τοῦ
1266 753 1350 816 ἐντεί-

220 855 322 918 νεσθαι
355 853 505 938 (Hesyoh.
540 855 728 938 ἐνδύσασθαι)
761 855 836 918 αὐτὰ
869 857 909 941 τῷ
943 855 1057 940 θώρακι
1089 879 1116 917 κ.
1151 859 1209 923 τοῖς
1242 858 1351 924 λοιποῖς

221 957 329 1024 ὅπλοις.
358 957 385 1018 οἰ
413 956 445 1017 δὲ
467 957 652 1024 ἀποδιδόντες
675 957 808 1042 ἐντέρων,
831 957 992 1040 ἀγνοοῦσιν·
1017 957 1051 1019 ot
1074 956 1128 1040 γὰρ
1153 957 1241 1042 μέχρι
1262 957 1351 1020 θανά-

221 1083 272 1122 του
297 1059 383 1142 μὸνον
407 1056 522 1140 ἔχουσιν
546 1059 710 1141 (proxims.
732 1059 794 1123 duo
810 1059 908 1123 verbs
923 1079 1056 1141 exempo
1072 1058 1185 1122 scholii
1201 1058 1349 1124 emendo:

222 1163 464 1244 μονομαχοῦσιν).
510 1160 557 1224 Βο
587 1181 649 1242 qve
678 1159 779 1225 Seiler
801 1160 876 1224 Lex.
901 1160 975 1239 „Die
997 1181 1059 1224 von
1081 1159 1156 1224 Hes.
1180 1160 1247 1223 und
1270 1159 1350 1242 Sp'ei·

221 1267 312 1326 teron
335 1261 496 1345 gegebene
518 1261 707 1344 Bedeutung
730 1283 791 1326 von
814 1262 918 1338 ἔνδικα,
943 1261 993 1326 die
1020 1261 1102 1325 dooh
1123 1261 1212 1326 nioht
1232 1261 1350 1344 begrif·

222 1364 298 1428 flioh
329 1365 421 1428 darin
449 1364 536 1446 liegt,
560 1365 602 1426 ist
623 1363 886 1428 wahrsoheinlioh
910 1363 1075 1440 erfundon‚
1099 1384 1154 1426 um
1178 1361 1239 1426 den
1262 1368 1351 1427 sonst

221 1487 302 1550 ganz
326 1469 525 1530 monstrosen
549 1465 629 1529 Vers
654 1465 683 1528 Ψ
705 1469 767 1528 806
791 1487 850 1530 von
866 1465 1050 1528 Aristerohs
1066 1464 1217 1528 Athetese
1233 1486 1273 1528 zu
1288 1470 1351 1528 ret·

221 1574 284 1632 ten.
331 1568 362 1631 S.
386 1567 569 1644 Doderlein‚
592 1567 703 1643 Lehrs‚
726 1566 817 1631 Kock
839 1588 869 1629 u.
894 1587 922 1630 a.
945 1565 1051 1630 Erklf‘

322 1685 418 1749 ἔνθα.
463 1685 641 1749 Articulum
670 1685 804 1751 restituo
832 1685 1007 1748 secundum
1035 1684 1139 1767 Etym.
1163 1681 1205 1746 M.
1229 1683 1276 1746 ἐπὶ
1299 1683 1349 1767 μὲν

221 1793 273 1850 τοῦ
301 1787 366 1850 τότε
395 1788 460 1872 [δὴ]
484 1791 627 1870 χρονικῶς
650 1784 725 1865 ,ἔνθ’
751 1785 788 1848 αὖ
812 1784 956 1870 Τυδείδης
978 1787 1053 1870 (pro
1076 1783 1221 1869 Τυδειδῃ)
1245 1825 1286 1836 -
1309 1821 1351 1833 -α

223 1891 296 1974 [καὶ]
321 1888 398 1980 ,ἔνθ’
421 1888 505 1952 ἄλλοι
527 1925 569 1935 -
591 1894 647 1934 -“
672 1888 747 1972 [ἀντὶ
769 1893 821 1951 τοῦ
836 1888 914 1973 τότε]
931 1891 992 1952 κτλ.
1031 1886 1224 1969 Conspirant
1239 1886 1349 1952 scholl.

222 2015 240 2054 α
266 1995 314 2054 18.
337 1993 363 2054 Λ
387 1994 458 2054 759.

324 2111 480 2178 ἐντυπὰς
502 2088 546 2171 Ιἐν
579 2110 722 2192 χλαίνῃ.
747 2146 788 2157 -
815 2109 938 2192 -οὐχ
965 2109 1075 2184 ἁπλῶς,
1104 2107 1174 2170 οὐδὲ
1202 2129 1351 2190 περικεκα-

219 2212 375 2296 λυμμένιος
397 2215 457 2274 κτλ.
502 2211 587 2274 Illud
609 2211 678 2274 οὐδέ
701 2210 869 2274 delendum
893 2231 961 2274 esse
983 2209 1089 2292 liqvet.
1135 2209 1284 2273 Ceterum
1300 2229 1351 2272 or·

220 2315 338 2380 tioulus
361 2315 442 2378 bene
465 2321 608 2378 servatus
632 2315 750 2396 optime
773 2313 938 2395 conspirat
960 2333 1032 2376 oum
1055 2311 1154 2377 schol.
1178 2309 1203 2374 n
1229 2314 1300 2377 163.

324 2434 464 2517 ἐξεσίην
486 2433 561 2496 κατὰ
582 2432 747 2518 πρέσβειον·
771 2432 851 2516 παρὰ
873 2433 905 2494 M
927 2433 992 2516 ίημι
1013 2435 1077 2516 ἥσω
1100 2433 1164 2494 ἑσία
1184 2433 1231 2495 καὶ
1246 2431 1348 2500 ἐξεσία.

220 2535 318 2616 Ηυοο,
343 2537 483 2618 qvamvis
507 2541 682 2610 eontracta,
707 2555 747 2597 ex
762 2534 874 2598 eodem
889 2534 1086 2616 transcripto
1101 2540 1175 2598 sunt
1190 2553 1350 2597 oommen·

220 2639 314 2716 terio‚
343 2659 360 2701 e
389 2659 450 2720 qvo
476 2636 679 2701 Herodianus
706 2636 787 2699 haee
815 2636 951 2716 sumpsit
980 2634 1093 2716 (schol.
1122 2633 1147 2697 Ω
1171 2637 1248 2717 235)
1272 2633 1350 2718 Ἀρί-

220 2759 347 2824 σταρχος
370 2739 486 2802 δασύνει
508 2741 560 2822 τὴν
584 2737 723 2821 δευτέραν
746 2738 904 2821 συλλαβήν·
929 2737 1009 2820 παρὰ
1030 2736 1084 2820 γὰρ
1108 2737 1140 2798 M
1162 2736 1236 2820 ίημι,
1252 2735 1349 2820 φησίν,

145 2891 147 2896 .
220 2878 261 2888 -
286 2878 326 2888 -
354 2842 434 2925 παρὰ
461 2842 494 2903 δὲ
521 2841 568 2903 τδν
591 2843 656 2924 ἥσω
681 2839 824 2922 μέλλοντα
846 2839 907 2902 ἑσία
933 2876 971 2886 -
997 2875 1036 2886 -
1058 2863 1084 2901 κ.
1108 2839 1202 2908 ἐξεσία
1224 2862 1249 2900 κ.
1274 2861 1298 2900 τ.
1322 2841 1349 2900 λ.

220 2943 284 3026 (Gt.
307 2943 408 3007 Lehrs
430 2945 485 3006 Ar.
509 2964 540 3023 p.
565 2945 651 3025 306).

324 3063 381 3125 ἐπὶ
406 3060 486 3146 κοὶρ’
518 3063 578 3144 (sio
605 3060 799 3144 Hesychium
826 3081 959 3143 seqvens
988 3061 1094 3126 soribo
1121 3083 1181 3144 pro
1211 3061 1350 3146 ἐπικάρα)

222 3165 268 3227 ἐπὶ
290 3167 431 3250 κεφαλήν.
478 3164 541 3248 [Et.
564 3163 607 3226 M.
632 3165 679 3226 ἐπὶ
700 3187 766 3249 κεφ.
789 3187 816 3226 κ.
840 3166 880 3232 εἰς
902 3164 934 3226 M
956 3164 1107 3247 κάταντες]
1131 3163 1178 3227 διὰ
1200 3168 1285 3228 τοῦτο
1301 3184 1351 3246 ση-

222 3268 298 3350 μαίν.
328 3269 360 3330 M
388 3267 551 3352 καταφερὲς
573 3271 625 3328 τοῦ
649 3266 803 3351 ῥεύματος,
827 3267 904 3328 ὥστε
927 3267 1019 3328 δοκεῖν
1044 3266 1090 3328 ἐπὶ
1111 3267 1244 3351 κεφαλὴν
1267 3265 1351 3352 φέρε-

222 3370 300 3432 σθαι.
324 3407 365 3418 -
389 3407 430 3417 -
453 3368 610 3451 Congruit
632 3389 704 3434 oum
727 3369 777 3432 his
800 3367 900 3432 sohol.
924 3366 951 3430 Π
976 3371 1047 3430 392.
1093 3366 1182 3444 Qvod
1204 3388 1279 3432 vero
1302 3388 1351 3432 se-

220 3471 358 3554 junctim
386 3477 461 3535 sunt
482 3469 652 3535 scribenda
674 3471 722 3534 ἐπὶ
744 3473 829 3555 κάρα,
852 3491 953 3552 neqve
975 3469 1047 3534 ideo
1070 3470 1104 3533 in
1125 3470 1213 3554 κάρα,
1236 3476 1272 3534 ut
1292 3489 1351 3552 pu-

221 3573 311 3651 teris,
347 3573 403 3638 sed
429 3573 462 3636 in
491 3572 538 3636 ἐπὶ
566 3577 663 3656 ceput
690 3572 815 3655 glossae
842 3572 984 3654 positum
1011 3577 1068 3650 est,
1097 3572 1159 3636 hoo
1186 3573 1219 3635 in
1248 3571 1351 3636 lexico

221 3683 332 3740 nostro
360 3677 488 3758 saepius
516 3697 577 3740 usu
604 3676 701 3753 venit,
728 3682 766 3739 ut
792 3697 820 3740 v.
845 3696 871 3740 ο.
894 3675 928 3738 in
950 3675 979 3746 ἐξ
1001 3675 1072 3743 ἁλός
1095 3677 1140 3758 (p.
1165 3676 1232 3759 70),
1254 3675 1305 3738 ἐπί
1323 3672 1348 3738 τ’

221 3779 301 3862 tinne
324 3781 369 3861 (p.
394 3781 459 3862 71),
483 3779 557 3842 κατὰ
579 3777 604 3840 δ’
630 3777 679 3842 οὖν
703 3777 801 3862 ἕτερόν
825 3801 860 3860 γε
881 3777 1006 3861 πέδησεν
1031 3780 1075 3860 (p.
1100 3777 1166 3863 96),
1189 3775 1252 3840 κατ’
1276 3777 1351 3862 ἀμοί-

221 3880 293 3949 ίιτον
328 3879 417 3958 elias,
451 3881 536 3944 unde
568 3879 689 3944 videbis
717 3880 803 3943 huno
829 3879 1104 3962 interpretationis
1132 3879 1349 3946 instituendae

219 3981 360 4074 modurn,
393 3983 446 4064 qvi
479 4003 499 4046 a
525 3981 622 4047 verbo
650 3981 777 4046 levioris
805 3983 958 4046 momenti
984 3981 1128 4064 incipiet,
1160 4001 1224 4046 non
1251 3980 1350 4046 fuisse

219 4085 417 4152 inusitatum.
464 4083 535 4148 Vid.
558 4089 667 4148 tamen
689 4083 811 4148 Villois.
834 4084 866 4146 h.
889 4083 910 4146 l.
