3098 4874
305 342 347 400 24

259 523 347 588 haud
374 545 495 606 paucos
524 524 677 588 articulos
705 523 922 588 emendavisse
950 530 983 589 et
1003 525 1193 608 integriores
1215 529 1396 596 restituisse

260 626 337 688 mihi
364 627 462 708 visus¹
477 627 602 708 sum*).
648 625 764 701 Quodsi
791 625 872 689 haec
900 627 1099 708 comparatio
1122 627 1220 692 latius
1243 631 1394 694 extende-

225 747 227 752 ·
260 733 359 805 retur,
388 728 468 792 adeo
496 734 533 790 ut
559 733 662 792 totum
689 726 815 791 lexicon
843 727 1109 809 complecteretur
1138 735 1169 793 et
1197 751 1316 808 omnm,
1341 733 1394 813 qvi

262 830 387 920 utriqve
419 829 523 893 lexico
557 849 741 894 communes
769 834 853 906 sunt,
882 829 1010 893 articuli
1038 831 1121 894 inter
1149 851 1183 895 so
1211 832 1393 896 conferren-

261 939 324 1008 tur,
359 931 566 995 hauddubie
593 930 690 994 etiam
718 929 814 1011 plura
840 931 874 993 in
901 931 963 996 hoc
987 952 1103 1014 genere
1126 940 1293 1014 praestare
1320 955 1393 1016 pos·

263 1053 377 1096 semus.

367 1149 483 1227 Quodsi
509 1151 608 1232 igitur
636 1133 826 1231 Apollonius
855 1171 894 1214 ex
921 1151 1026 1234 Etym.
1049 1151 1092 1215 M.
1116 1173 1267 1236 magnam
1291 1154 1396 1235 quoad

261 1258 387 1334 partem
410 1253 566 1335 integrior
588 1253 714 1316 restitui
737 1259 852 1333 potest,
872 1259 947 1333 post
962 1252 1219 1336 Etymologicum
1238 1256 1399 1336 composi·

263 1357 405 1436 tunr**),
435 1354 465 1417 h.
495 1375 520 1418 e.
549 1361 623 1435 post
656 1354 798 1418 seculum
832 1353 946 1418 Iqum
981 1354 1030 1419 vel
1062 1356 1158 1418 qum
1184 1355 1310 1420 lexicon
1339 1379 1394 1421 no·

264 1462 366 1520 strum
395 1456 436 1520 ab
459 1457 726 1538 epitomatoribus
748 1455 884 1519 multum
907 1464 1057 1520 vexatum
1080 1479 1149 1521 esse
1172 1457 1306 1521 videtur.
1352 1459 1396 1522 Ar

263 1560 290 1622 si
317 1557 585 1622 Montefalconius
612 1565 698 1622 recte
717 1557 884 1640 judicavit,
909 1559 961 1640 qvi
984 1559 1104 1622 codicis
1133 1559 1320 1623 Coisliniani
1343 1580 1396 1623 ae·

262 1666 362 1724 tatem
378 1682 399 1724 a
413 1658 507 1724 szo
524 1660 631 1723 seculo
647 1659 804 1740 repetivit,
824 1660 921 1723 etiam
934 1661 1144 1741 antiquiorem
1155 1661 1318 1742 Apollonii
1330 1661 1395 1724 edi·

263 1763 393 1838 tionem,
417 1781 497 1842 qvae
513 1781 533 1824 a
547 1760 642 1824 lexioi
659 1762 797 1842 genuina
813 1761 917 1824 forma
932 1761 1019 1825 haud
1034 1763 1080 1826 ita
1095 1763 1232 1826 multum
1250 1763 1398 1840 distaret,

263 1862 453 1946 Etymologo
490 1867 621 1944 praesto
654 1863 751 1926 fuisse
783 1862 951 1943 probabile
983 1869 1040 1927 est.
1092 1864 1195 1941 Quare
1229 1886 1268 1929 ea
1301 1865 1395 1929 lexici

264 1966 412 2046 epitome,
446 1965 536 2047 cujus
568 1965 687 2028 indicia
719 1964 943 2045 comparandis
969 1966 1053 2030 inter
1081 1987 1115 2030 se
1142 1966 1245 2031 lexico
1275 1973 1315 2030 et.
1343 1967 1394 2030 Et.

264 2066 327 2130 M:o
353 2066 445 2130 nobis
471 2067 565 2130 obvia
582 2073 665 2143 sunt,
696 2067 738 2130 ad
761 2065 889 2129 Vllzum
912 2065 978 2130 iere
1000 2067 1050 2131 vel
1069 2067 1212 2132 VIIlzum
1232 2067 1395 2133 saeculum

265 2168 433 2234 referenda
476 2175 533 2232 est.
579 2167 642 2231 Sed
676 2167 746 2250 jam
797 2173 893 2230 antea
942 2169 1170 2249 epitomatores
1215 2170 1248 2232 in
1286 2169 1399 2233 'lexico

266 2271 484 2335 contrahendo
507 2277 539 2334 et
562 2269 759 2334 decurtaudo
783 2275 946 2351 grassatos
964 2291 1038 2360 ¹esse
1060 2278 1224 2352 procerte
1241 2270 1396 2336 affirmari

265 2374 393 2454 poterit.
437 2374 519 2436 Nam
543 2374 607 2436 alia
629 2373 799 2454 permulta,
824 2394 903 2454 qvae
927 2374 1013 2454 apud
1036 2374 1241 2455 Apollonium
1258 2375 1394 2438 formam

263 2476 352 2540 illam
374 2477 532 2557 praebent
554 2496 701 2538 mancam
726 2481 757 2538 et
785 2475 976 2549 mutilatam,
1009 2475 1047 2538 de
1072 2497 1134 2557 qva
1152 2476 1222 2557 jam
1247 2477 1396 2552 diximus,

265 2579 377 2642 iisdem
406 2598 502 2658 saepe
530 2577 634 2640 verbis
661 2577 694 2638 in
722 2575 943 2658 Etymologico
967 2576 1159 2640 referuntur.
1205 2578 1314 2660 Neque
1337 2583 1394 2654 est,

267 2680 349 2761 qvod
372 2682 526 2744 miremur
548 2678 673 2742 lexicon
695 2677 856 2758 Apollonii
873 2685 1059 2758 excerptum
1077 2700 1154 2755 esse,
1173 2701 1268 2762 qvum
1284 2680 1395 2744 eadem

267 2782 334 2846 fata
362 2781 426 2845 alia
453 2802 574 2863 qvoqve
602 2780 705 2844 lexica
726 2801 824 2861 passa
847 2800 915 2843 esse
938 2780 1111 2844 videamus
1157 2781 1246 2845 Inter
1268 2781 1324 2845 illa
1347 2787 1397 2845 ta·

266 2905 339 2947 men
363 2892 395 2947 et
416 2882 665 2964 Apollonianum
687 2882 749 2945 hoo
772 2888 857 2945 certe
879 2882 1022 2959 interest,
1046 2883 1129 2964 qvod
1146 2905 1210 2948 non
1227 2883 1324 2947 semel
1341 2904 1396 2946 ne·

267 3007 326 3067 qve
349 2985 390 3048 ab
407 3007 470 3049 uno
486 2986 554 3048 viro
571 3006 629 3048 nec
644 2985 769 3047 ratione
784 2983 850 3047 ulla
866 2990 964 3061 certa,
980 2984 1066 3048 velut
1081 2985 1207 3049 lexicon
1221 2985 1398 3069 Hesychia·

267 3109 353 3167 num,
381 3087 436 3151 sed
460 3086 536 3167 plere
564 3088 704 3150 rraiausoe
732 3085 803 3149 aliis
826 3086 1024 3167 temporibus
1048 3087 1088 3151 ab
1113 3086 1184 3151 aliis
1209 3093 1395 3168 excerptum

268 3195 325 3253 est.
369 3189 407 3251 Id
430 3209 469 3252 ex
491 3193 560 3251 tota
581 3187 675 3250 lexici
698 3186 780 3250 facie
803 3186 914 3250 elucet.
948 3189 996 3252 Ac
1013 3189 1259 3269 qvotiescunqve
1270 3189 1397 3250 lexicon

268 3291 371 3355 denuo
395 3290 638 3354 describendum
663 3295 741 3366 erat,
765 3295 844 3370 puto
865 3289 1015 3366 librariis,
1034 3310 1110 3352 suae
1132 3287 1267 3350 inertiae
1291 3287 1396 3349 indul-

269 3394 416 3476 gentibus
429 3399 460 3456 et
475 3393 649 3476 legentium
662 3392 881 3456 commoditati
893 3390 1147 3467 inservientibus,
1161 3388 1314 3470 optimam
1326 3410 1397 3454 sese

371 3601 397 3667 ⁹⁴)
412 3597 540 3666 Exempla
558 3596 669 3651 habebis
688 3597 803 3665 plurime
821 3596 848 3647 in
868 3610 924 3662 cap.
942 3592 977 3646 ll.

371 3700 460 3766 **)Dc
490 3703 578 3753 aetate
605 3698 783 3768 Etymologici
807 3695 900 3764 Magni
922 3695 966 3746 Fr.
991 3693 1148 3762 Sylburgius
1175 3696 1281 3761 praeter
1309 3698 1397 3747 cetera

268 3789 333 3841 haec
355 3787 404 3840 ait:
427 3816 457 3824 —
477 3815 509 3822 -
528 3815 561 3823 —
579 3783 635 3850 „De
658 3783 732 3851 cujus
750 3785 797 3846 (sc.
816 3780 895 3848 primi
914 3778 1030 3832 auctoris
1048 3778 1112 3845 Ero)
1132 3781 1221 3831 aetate
1240 3794 1397 3846 quamquam

267 3871 400 3924 nihildum
424 3870 489 3922 certi
511 3885 668 3937 cognoscere
692 3867 776 3936 potui,
802 3869 891 3916 tamen
910 3879 968 3916 euni
987 3879 1040 3915 non
1058 3864 1142 3916 multo
1161 3867 1223 3932 post
1241 3863 1332 3916 Photii
1350 3879 1397 3930 pu-

268 3957 401 4010 triarchae
423 3960 543 4022 tempora
566 3955 662 4006 vixisse
680 3949 844 4017 crediderim,
864 3949 932 4002 circa
951 3947 1052 4002 Christi
1071 3933 1309 4002 annnm'DCCCC.
1344 3948 1395 4000 Eu·

269 4042 386 4095 stathius
409 4055 471 4092 sane
494 4040 544 4092 hoc
567 4043 674 4092 auctore
697 4037 802 4090 videtur
824 4035 962 4098 recentior,
986 4035 1082 4104 quippe
1101 4035 1144 4104 qvi
1164 4050 1222 4088 cum
1241 4035 1269 4086 in
1288 4033 1343 4086 suis
1362 4032 1397 4085 ad

268 4128 300 4180 11.
318 4126 395 4180 Hom.
413 4124 575 4193 παρεκβολαῐς
593 4125 693 4191 alleget
712 4152 744 4162 -
763 4151 794 4160 -
815 4149 855 4173 -.
890 4120 997 4173 Flornit
1011 4123 1100 4174 autem
1113 4117 1319 4172 Eusteth.oirca
1333 4116 1398 4170 Chr.

269 4230 311 4266 an.
347 4209 524 4265 MOLXXXJ
560 4207 658 4272 (Praei.
677 4207 711 4260 ad
729 4207 771 4260 Et.
790 4206 826 4259 Μ.
845 4223 871 4274 p.
890 4210 928 4272 9).
