<?xml version="1.0" encoding="UTF-8"?>
<!DOCTYPE html PUBLIC "-//W3C//DTD XHTML 1.0 Transitional//EN"
    "http://www.w3.org/TR/xhtml1/DTD/xhtml1-transitional.dtd">
<html xmlns="http://www.w3.org/1999/xhtml" xml:lang="en" lang="en">
 <head>
  <title>
</title>
<meta http-equiv="Content-Type" content="text/html;charset=utf-8" />
  <meta name='ocr-system' content='tesseract 3.04.00' />
  <meta name='ocr-capabilities' content='ocr_page ocr_carea ocr_par ocr_line ocrx_word'/>
</head>
<body>
  <div class='ocr_page' id='page_1' title='image "./dearistarcholex00forsgoog_0046.png"; bbox 0 0 3098 4874; ppageno 0'>
   <div class='ocr_carea' id='block_1_1' title="bbox 1197 372 1237 438">
    <p class='ocr_par' dir='ltr' id='par_1_1' title="bbox 1197 372 1237 438">
     <span class='ocr_line' id='line_1_1' title="bbox 1197 372 1237 438; baseline 0.05 -2"><span class='ocrx_word' id='word_1_1' title='bbox 1197 372 1237 438; x_wconf 88' lang='grc'><strong>39</strong></span> 
     </span>
    </p>
   </div>
   <div class='ocr_carea' id='block_1_2' title="bbox 161 558 1280 760">
    <p class='ocr_par' dir='ltr' id='par_1_2' title="bbox 161 558 1280 760">
     <span class='ocr_line' id='line_1_2' title="bbox 161 558 1280 658; baseline -0.013 -20"><span class='ocrx_word' id='word_1_2' title='bbox 161 589 351 658; x_wconf 86' lang='lat' dir='ltr'><strong>qvamqvam</strong></span> <span class='ocrx_word' id='word_1_3' title='bbox 361 587 427 634; x_wconf 93' lang='lat' dir='ltr'><strong>non</strong></span> <span class='ocrx_word' id='word_1_4' title='bbox 438 565 480 632; x_wconf 86' lang='lat' dir='ltr'><strong>ab</strong></span> <span class='ocrx_word' id='word_1_5' title='bbox 491 565 568 629; x_wconf 90' lang='lat' dir='ltr'><strong>Ar:o</strong></span> <span class='ocrx_word' id='word_1_6' title='bbox 579 562 732 628; x_wconf 89' lang='lat' dir='ltr'><strong>additum.</strong></span> <span class='ocrx_word' id='word_1_7' title='bbox 748 560 866 642; x_wconf 77' lang='lat' dir='ltr'><strong>Credat</strong></span> <span class='ocrx_word' id='word_1_8' title='bbox 876 561 960 628; x_wconf 91' lang='lat' dir='ltr'><strong>enim</strong></span> <span class='ocrx_word' id='word_1_9' title='bbox 971 558 1109 644; x_wconf 88' lang='lat' dir='ltr'><strong>qvisqvis</strong></span> <span class='ocrx_word' id='word_1_10' title='bbox 1119 561 1187 624; x_wconf 93' lang='lat' dir='ltr'><strong>vult</strong></span> <span class='ocrx_word' id='word_1_11' title='bbox 1197 581 1280 645; x_wconf 85' lang='grc' dir='ltr'>φρον.</span> 
     </span>
     <span class='ocr_line' id='line_1_3' title="bbox 161 662 1280 760; baseline -0.008 -20"><span class='ocrx_word' id='word_1_12' title='bbox 161 675 282 760; x_wconf 82' lang='grc' dir='ltr'>κέρδους</span> <span class='ocrx_word' id='word_1_13' title='bbox 298 671 376 757; x_wconf 82' lang='grc' dir='ltr'>ἔχων</span> <span class='ocrx_word' id='word_1_14' title='bbox 388 671 502 734; x_wconf 82' lang='lat' dir='ltr'><strong>Arzum</strong></span> <span class='ocrx_word' id='word_1_15' title='bbox 512 665 706 732; x_wconf 75' lang='lat' dir='ltr'><strong>intellexisse</strong></span> <span class='ocrx_word' id='word_1_16' title='bbox 717 664 836 748; x_wconf 88' lang='lat' dir='ltr'><strong>,vulpis</strong></span> <span class='ocrx_word' id='word_1_17' title='bbox 847 668 984 730; x_wconf 82' lang='lat' dir='ltr'><strong>mentem</strong></span> <span class='ocrx_word' id='word_1_18' title='bbox 995 662 1127 743; x_wconf 88' lang='lat' dir='ltr'><strong>habens,</strong></span> <span class='ocrx_word' id='word_1_19' title='bbox 1138 670 1213 730; x_wconf 88' lang='lat' dir='ltr'><strong>nec“</strong></span> <span class='ocrx_word' id='word_1_20' title='bbox 1224 664 1280 731; x_wconf 94' lang='lat' dir='ltr'><strong>ho-</strong></span> 
     </span>
    </p>
   </div>
   <div class='ocr_carea' id='block_1_3' title="bbox 156 765 1281 4346">
    <p class='ocr_par' dir='ltr' id='par_1_3' title="bbox 159 765 1281 2489">
     <span class='ocr_line' id='line_1_4' title="bbox 160 765 1280 852; baseline -0.009 -10"><span class='ocrx_word' id='word_1_21' title='bbox 160 799 213 842; x_wconf 90' lang='lat' dir='ltr'><strong>mo</strong></span> <span class='ocrx_word' id='word_1_22' title='bbox 236 775 339 841; x_wconf 84' lang='lat' dir='ltr'>dolosi</span> <span class='ocrx_word' id='word_1_23' title='bbox 360 772 409 840; x_wconf 95' lang='lat' dir='ltr'><strong>vel</strong></span> <span class='ocrx_word' id='word_1_24' title='bbox 432 768 541 836; x_wconf 89' lang='lat' dir='ltr'><strong>callidi</strong></span> <span class='ocrx_word' id='word_1_25' title='bbox 555 768 674 852; x_wconf 91' lang='lat' dir='ltr'><strong>ingenii</strong></span> <span class='ocrx_word' id='word_1_26' title='bbox 691 767 763 830; x_wconf 86' lang='lat' dir='ltr'><strong>-“l</strong></span> <span class='ocrx_word' id='word_1_27' title='bbox 782 767 929 834; x_wconf 82' lang='lat' dir='ltr'><strong>Ceterum</strong></span> <span class='ocrx_word' id='word_1_28' title='bbox 945 767 979 832; x_wconf 92' lang='lat' dir='ltr'><strong>in</strong></span> <span class='ocrx_word' id='word_1_29' title='bbox 990 765 1092 832; x_wconf 87' lang='lat' dir='ltr'><strong>lexico</strong></span> <span class='ocrx_word' id='word_1_30' title='bbox 1102 787 1167 832; x_wconf 88' lang='lat' dir='ltr'><strong>non</strong></span> <span class='ocrx_word' id='word_1_31' title='bbox 1177 766 1280 832; x_wconf 89' lang='lat' dir='ltr'><strong>solnm</strong></span> 
     </span>
     <span class='ocr_line' id='line_1_5' title="bbox 159 868 1280 958; baseline -0.008 -14"><span class='ocrx_word' id='word_1_32' title='bbox 159 878 321 944; x_wconf 89' lang='lat' dir='ltr'><strong>recentior</strong></span> <span class='ocrx_word' id='word_1_33' title='bbox 343 875 438 958; x_wconf 87' lang='lat' dir='ltr'><strong>hujus</strong></span> <span class='ocrx_word' id='word_1_34' title='bbox 459 871 546 938; x_wconf 89' lang='lat' dir='ltr'><strong>vocis</strong></span> <span class='ocrx_word' id='word_1_35' title='bbox 566 891 643 936; x_wconf 91' lang='lat' dir='ltr'><strong>usus</strong></span> <span class='ocrx_word' id='word_1_36' title='bbox 664 871 854 954; x_wconf 83' lang='lat' dir='ltr'>proponitur</span> <span class='ocrx_word' id='word_1_37' title='bbox 868 869 964 950; x_wconf 89' lang='lat' dir='ltr'><strong>,lucri</strong></span> <span class='ocrx_word' id='word_1_38' title='bbox 980 868 1123 952; x_wconf 90' lang='lat' dir='ltr'><strong>cupidus,</strong></span> <span class='ocrx_word' id='word_1_39' title='bbox 1138 875 1280 948; x_wconf 85' lang='lat' dir='ltr'><strong>avarus,“</strong></span> 
     </span>
     <span class='ocr_line' id='line_1_6' title="bbox 159 970 1280 1056; baseline -0.009 -10"><span class='ocrx_word' id='word_1_40' title='bbox 159 981 222 1054; x_wconf 70' lang='lat' dir='ltr'><strong>sed¹</strong></span> <span class='ocrx_word' id='word_1_41' title='bbox 258 980 356 1045; x_wconf 89' lang='lat' dir='ltr'><strong>etiam</strong></span> <span class='ocrx_word' id='word_1_42' title='bbox 393 974 595 1051; x_wconf 77' lang='lat' dir='ltr'><strong>Homericus,</strong></span> <span class='ocrx_word' id='word_1_43' title='bbox 634 993 726 1056; x_wconf 89' lang='lat' dir='ltr'><strong>qvam</strong></span> <span class='ocrx_word' id='word_1_44' title='bbox 748 975 803 1037; x_wconf 88' lang='lat' dir='ltr'><strong>Ar.</strong></span> <span class='ocrx_word' id='word_1_45' title='bbox 837 972 1071 1050; x_wconf 76' lang='lat' dir='ltr'><strong>observaverat,</strong></span> <span class='ocrx_word' id='word_1_46' title='bbox 1104 970 1280 1051; x_wconf 79' lang='lat' dir='ltr'><strong>,callidus“.</strong></span> 
     </span>
     <span class='ocr_line' id='line_1_7' title="bbox 159 1074 1281 1164; baseline -0.008 -18"><span class='ocrx_word' id='word_1_47' title='bbox 159 1082 244 1147; x_wconf 88' lang='lat' dir='ltr'><strong>Item</strong></span> <span class='ocrx_word' id='word_1_48' title='bbox 266 1079 371 1164; x_wconf 85' lang='lat' dir='ltr'><strong>Apoll.</strong></span> <span class='ocrx_word' id='word_1_49' title='bbox 394 1077 453 1144; x_wconf 91' lang='lat' dir='ltr'><strong>snb</strong></span> <span class='ocrx_word' id='word_1_50' title='bbox 474 1075 671 1162; x_wconf 85' lang='grc' dir='ltr'>κερδαλέον</span> <span class='ocrx_word' id='word_1_51' title='bbox 694 1075 821 1162; x_wconf 86' lang='lat' dir='ltr'><strong>(cadem</strong></span> <span class='ocrx_word' id='word_1_52' title='bbox 841 1096 873 1158; x_wconf 86' lang='lat' dir='ltr'><strong>p.</strong></span> <span class='ocrx_word' id='word_1_53' title='bbox 897 1077 951 1159; x_wconf 88' lang='grc'><strong>98)</strong></span> <span class='ocrx_word' id='word_1_54' title='bbox 966 1074 1174 1140; x_wconf 79' lang='lat' dir='ltr'><strong>recentiorem</strong></span> <span class='ocrx_word' id='word_1_55' title='bbox 1188 1094 1281 1140; x_wconf 86' lang='lat' dir='ltr'><strong>usum</strong></span> 
     </span>
     <span class='ocr_line' id='line_1_8' title="bbox 161 1175 1281 1266; baseline -0.005 -19"><span class='ocrx_word' id='word_1_56' title='bbox 161 1181 420 1266; x_wconf 84' lang='lat' dir='ltr'><strong>vocisexprimit</strong></span> <span class='ocrx_word' id='word_1_57' title='bbox 441 1180 508 1244; x_wconf 88' lang='lat' dir='ltr'><strong>his:</strong></span> <span class='ocrx_word' id='word_1_58' title='bbox 530 1182 735 1262; x_wconf 79' lang='grc' dir='ltr'>περιποιοῦντα</span> <span class='ocrx_word' id='word_1_59' title='bbox 758 1178 859 1264; x_wconf 82' lang='grc' dir='ltr'>[κέρδη</span> <span class='ocrx_word' id='word_1_60' title='bbox 882 1177 966 1243; x_wconf 88' lang='lat' dir='ltr'><strong>addo</strong></span> <span class='ocrx_word' id='word_1_61' title='bbox 989 1197 1028 1242; x_wconf 89' lang='lat' dir='ltr'><strong>ex</strong></span> <span class='ocrx_word' id='word_1_62' title='bbox 1048 1175 1137 1262; x_wconf 79' lang='lat' dir='ltr'><strong>Hes]</strong></span> <span class='ocrx_word' id='word_1_63' title='bbox 1160 1201 1186 1241; x_wconf 86' lang='grc' dir='ltr'><strong>κ.</strong></span> <span class='ocrx_word' id='word_1_64' title='bbox 1204 1180 1281 1263; x_wconf 85' lang='grc' dir='ltr'>ὠφε·</span> 
     </span>
     <span class='ocr_line' id='line_1_9' title="bbox 161 1279 1280 1364; baseline -0.006 -16"><span class='ocrx_word' id='word_1_65' title='bbox 161 1287 251 1362; x_wconf 86' lang='grc' dir='ltr'>λείαν,</span> <span class='ocrx_word' id='word_1_66' title='bbox 288 1284 397 1348; x_wconf 81' lang='lat' dir='ltr'><strong>Aristi</strong></span> <span class='ocrx_word' id='word_1_67' title='bbox 435 1287 543 1348; x_wconf 89' lang='lat' dir='ltr'><strong>autem</strong></span> <span class='ocrx_word' id='word_1_68' title='bbox 575 1280 819 1364; x_wconf 72' lang='lat' dir='ltr'><strong>explicationem</strong></span> <span class='ocrx_word' id='word_1_69' title='bbox 852 1280 915 1345; x_wconf 91' lang='lat' dir='ltr'><strong>his:</strong></span> <span class='ocrx_word' id='word_1_70' title='bbox 951 1279 1019 1344; x_wconf 82' lang='lat' dir='ltr'><strong>dccv</strong></span> <span class='ocrx_word' id='word_1_71' title='bbox 1052 1279 1085 1342; x_wconf 84' lang='grc' dir='ltr'><strong>δὲ</strong></span> <span class='ocrx_word' id='word_1_72' title='bbox 1116 1279 1189 1364; x_wconf 72' lang='grc' dir='ltr'>λέγῃ</span> <span class='ocrx_word' id='word_1_73' title='bbox 1223 1317 1280 1364; x_wconf 77' lang='lat'><strong>„-</strong></span> 
     </span>
     <span class='ocr_line' id='line_1_10' title="bbox 160 1381 1281 1474; baseline -0.004 -22"><span class='ocrx_word' id='word_1_74' title='bbox 160 1387 351 1474; x_wconf 83' lang='grc' dir='ltr'>Σίσυφος-</span> <span class='ocrx_word' id='word_1_75' title='bbox 371 1424 414 1434; x_wconf 96' lang='grc'><strong>-</strong></span> <span class='ocrx_word' id='word_1_76' title='bbox 436 1385 646 1470; x_wconf 80' lang='grc' dir='ltr'>κέρδιστος-</span> <span class='ocrx_word' id='word_1_77' title='bbox 668 1389 724 1432; x_wconf 86' lang='lat'><strong>-“</strong></span> <span class='ocrx_word' id='word_1_78' title='bbox 747 1381 786 1468; x_wconf 88' lang='lat' dir='ltr'><strong>(Z</strong></span> <span class='ocrx_word' id='word_1_79' title='bbox 811 1385 885 1466; x_wconf 85' lang='lat'>153)</span> <span class='ocrx_word' id='word_1_80' title='bbox 907 1383 923 1445; x_wconf 84' lang='grc' dir='ltr'><strong>ὁ</strong></span> <span class='ocrx_word' id='word_1_81' title='bbox 945 1385 1142 1452; x_wconf 79' lang='grc' dir='ltr'>συνετώτατος</span> <span class='ocrx_word' id='word_1_82' title='bbox 1162 1407 1189 1446; x_wconf 91' lang='grc' dir='ltr'><strong>κ.</strong></span> <span class='ocrx_word' id='word_1_83' title='bbox 1212 1405 1281 1448; x_wconf 81' lang='grc' dir='ltr'>παν-</span> 
     </span>
     <span class='ocr_line' id='line_1_11' title="bbox 160 1485 1281 1577; baseline -0.004 -23"><span class='ocrx_word' id='word_1_84' title='bbox 160 1491 346 1577; x_wconf 78' lang='grc' dir='ltr'>ουργότατος.</span> <span class='ocrx_word' id='word_1_85' title='bbox 391 1488 508 1566; x_wconf 79' lang='lat' dir='ltr'><strong>Qvibus</strong></span> <span class='ocrx_word' id='word_1_86' title='bbox 536 1486 575 1552; x_wconf 84' lang='lat' dir='ltr'><strong>cf.</strong></span> <span class='ocrx_word' id='word_1_87' title='bbox 599 1487 664 1552; x_wconf 86' lang='lat' dir='ltr'><strong>sch.</strong></span> <span class='ocrx_word' id='word_1_88' title='bbox 687 1488 711 1551; x_wconf 91' lang='lat' dir='ltr'><strong>Z</strong></span> <span class='ocrx_word' id='word_1_89' title='bbox 736 1488 795 1550; x_wconf 83' lang='lat'><strong>153</strong></span> <span class='ocrx_word' id='word_1_90' title='bbox 818 1489 837 1571; x_wconf 79' lang='grc' dir='ltr'>ἡ</span> <span class='ocrx_word' id='word_1_91' title='bbox 861 1488 887 1548; x_wconf 80' lang='grc' dir='ltr'><strong>ὅ.</strong></span> <span class='ocrx_word' id='word_1_92' title='bbox 911 1485 1194 1550; x_wconf 60' lang='lat' dir='ltr'><strong>&amp;choruscabat</strong></span> <span class='ocrx_word' id='word_1_93' title='bbox 1218 1509 1281 1571; x_wconf 82' lang='grc' dir='ltr'>κερ-</span> 
     </span>
     <span class='ocr_line' id='line_1_12' title="bbox 161 1587 1280 1674; baseline -0.004 -18"><span class='ocrx_word' id='word_1_94' title='bbox 161 1593 266 1656; x_wconf 80' lang='grc' dir='ltr'>δαλέον</span> <span class='ocrx_word' id='word_1_95' title='bbox 289 1593 383 1660; x_wconf 75' lang='grc' dir='ltr'>οὕτως</span> <span class='ocrx_word' id='word_1_96' title='bbox 404 1593 490 1674; x_wconf 69' lang='lat' dir='ltr'><strong>levet,</strong></span> <span class='ocrx_word' id='word_1_97' title='bbox 513 1591 540 1654; x_wconf 84' lang='lat' dir='ltr'><strong>ol</strong></span> <span class='ocrx_word' id='word_1_98' title='bbox 561 1589 595 1653; x_wconf 77' lang='grc' dir='ltr'><strong>δὲ</strong></span> <span class='ocrx_word' id='word_1_99' title='bbox 615 1591 753 1674; x_wconf 82' lang='grc' dir='ltr'>νεώτεροι</span> <span class='ocrx_word' id='word_1_100' title='bbox 774 1589 822 1651; x_wconf 84' lang='grc' dir='ltr'><strong>τὸν</strong></span> <span class='ocrx_word' id='word_1_101' title='bbox 845 1588 1002 1674; x_wconf 81' lang='grc' dir='ltr'>φιλοκερδῆ</span> <span class='ocrx_word' id='word_1_102' title='bbox 1024 1623 1066 1636; x_wconf 90' lang='grc'>-</span> <span class='ocrx_word' id='word_1_103' title='bbox 1087 1623 1130 1634; x_wconf 91' lang='grc'>-</span> <span class='ocrx_word' id='word_1_104' title='bbox 1152 1587 1202 1672; x_wconf 86' lang='lat' dir='ltr'><strong>(L.</strong></span> <span class='ocrx_word' id='word_1_105' title='bbox 1224 1588 1280 1652; x_wconf 81' lang='lat' dir='ltr'><strong>Ar.</strong></span> 
     </span>
     <span class='ocr_line' id='line_1_13' title="bbox 166 1689 1280 1781; baseline 0 -23"><span class='ocrx_word' id='word_1_106' title='bbox 166 1695 253 1781; x_wconf 79' lang='lat'>117).</span> <span class='ocrx_word' id='word_1_107' title='bbox 298 1694 370 1778; x_wconf 68' lang='lat' dir='ltr'><strong>Api</strong></span> <span class='ocrx_word' id='word_1_108' title='bbox 401 1701 506 1758; x_wconf 85' lang='lat' dir='ltr'><strong>autem</strong></span> <span class='ocrx_word' id='word_1_109' title='bbox 539 1693 715 1778; x_wconf 77' lang='grc' dir='ltr'>πανουργοίτ.</span> <span class='ocrx_word' id='word_1_110' title='bbox 749 1697 781 1759; x_wconf 88' lang='lat' dir='ltr'><strong>et</strong></span> <span class='ocrx_word' id='word_1_111' title='bbox 812 1691 878 1757; x_wconf 88' lang='lat' dir='ltr'><strong>sch.</strong></span> <span class='ocrx_word' id='word_1_112' title='bbox 911 1693 1027 1778; x_wconf 81' lang='grc' dir='ltr'>κερδαλ.</span> <span class='ocrx_word' id='word_1_113' title='bbox 1054 1689 1139 1756; x_wconf 85' lang='lat' dir='ltr'><strong>idem</strong></span> <span class='ocrx_word' id='word_1_114' title='bbox 1164 1689 1280 1770; x_wconf 80' lang='lat' dir='ltr'><strong>valent,</strong></span> 
     </span>
     <span class='ocr_line' id='line_1_14' title="bbox 165 1793 1280 1880; baseline 0 -19"><span class='ocrx_word' id='word_1_115' title='bbox 165 1795 316 1880; x_wconf 89' lang='lat' dir='ltr'><strong>siqvidem</strong></span> <span class='ocrx_word' id='word_1_116' title='bbox 337 1795 391 1861; x_wconf 90' lang='lat' dir='ltr'><strong>ille</strong></span> <span class='ocrx_word' id='word_1_117' title='bbox 412 1817 511 1879; x_wconf 90' lang='lat' dir='ltr'><strong>supra</strong></span> <span class='ocrx_word' id='word_1_118' title='bbox 532 1795 630 1861; x_wconf 89' lang='lat' dir='ltr'><strong>habet</strong></span> <span class='ocrx_word' id='word_1_119' title='bbox 651 1795 789 1879; x_wconf 83' lang='lat' dir='ltr'><strong>glossam</strong></span> <span class='ocrx_word' id='word_1_120' title='bbox 807 1795 973 1880; x_wconf 81' lang='grc' dir='ltr'>κερδαλέον,</span> <span class='ocrx_word' id='word_1_121' title='bbox 989 1798 1161 1880; x_wconf 81' lang='grc' dir='ltr'>πανοῦργον.</span> <span class='ocrx_word' id='word_1_122' title='bbox 1194 1793 1280 1878; x_wconf 84' lang='lat' dir='ltr'><strong>Ergo</strong></span> 
     </span>
     <span class='ocr_line' id='line_1_15' title="bbox 163 1896 1277 1982; baseline -0.004 -18"><span class='ocrx_word' id='word_1_123' title='bbox 163 1899 281 1981; x_wconf 91' lang='lat' dir='ltr'><strong>optime</strong></span> <span class='ocrx_word' id='word_1_124' title='bbox 313 1899 347 1962; x_wconf 92' lang='lat' dir='ltr'><strong>hi</strong></span> <span class='ocrx_word' id='word_1_125' title='bbox 377 1899 462 1965; x_wconf 91' lang='lat' dir='ltr'><strong>inter</strong></span> <span class='ocrx_word' id='word_1_126' title='bbox 494 1919 528 1964; x_wconf 92' lang='lat' dir='ltr'><strong>se</strong></span> <span class='ocrx_word' id='word_1_127' title='bbox 561 1898 771 1964; x_wconf 88' lang='lat' dir='ltr'><strong>consentiunt.</strong></span> <span class='ocrx_word' id='word_1_128' title='bbox 816 1897 879 1982; x_wconf 85' lang='lat' dir='ltr'><strong>(cf.</strong></span> <span class='ocrx_word' id='word_1_129' title='bbox 906 1896 1017 1963; x_wconf 91' lang='lat' dir='ltr'><strong>soholl.</strong></span> <span class='ocrx_word' id='word_1_130' title='bbox 1045 1900 1154 1968; x_wconf 71' lang='lat'>(148.</span> <span class='ocrx_word' id='word_1_131' title='bbox 1178 1921 1194 1960; x_wconf 95' lang='grc' dir='ltr'>ο</span> <span class='ocrx_word' id='word_1_132' title='bbox 1217 1899 1277 1961; x_wconf 82' lang='grc'><strong>451</strong></span> 
     </span>
     <span class='ocr_line' id='line_1_16' title="bbox 160 1999 1281 2086; baseline 0.001 -23"><span class='ocrx_word' id='word_1_133' title='bbox 160 2001 281 2086; x_wconf 80' lang='grc' dir='ltr'>περδαλ.</span> <span class='ocrx_word' id='word_1_134' title='bbox 304 2025 344 2062; x_wconf 85' lang='lat'><strong><em>=</em></strong></span> <span class='ocrx_word' id='word_1_135' title='bbox 366 1999 555 2086; x_wconf 77' lang='grc' dir='ltr'>πανοῦργον).</span> <span class='ocrx_word' id='word_1_136' title='bbox 599 2000 820 2066; x_wconf 83' lang='lat' dir='ltr'><strong>Aristarchum</strong></span> <span class='ocrx_word' id='word_1_137' title='bbox 837 2020 912 2066; x_wconf 90' lang='lat' dir='ltr'><strong>vero</strong></span> <span class='ocrx_word' id='word_1_138' title='bbox 927 1999 1072 2082; x_wconf 87' lang='lat' dir='ltr'><strong>speciosa</strong></span> <span class='ocrx_word' id='word_1_139' title='bbox 1089 1999 1281 2084; x_wconf 82' lang='lat' dir='ltr'><strong>etymologia</strong></span> 
     </span>
     <span class='ocr_line' id='line_1_17' title="bbox 160 2092 1281 2186; baseline -0.002 -18"><span class='ocrx_word' id='word_1_140' title='bbox 160 2092 339 2186; x_wconf 89' lang='lat' dir='ltr'><strong>permotum</strong></span> <span class='ocrx_word' id='word_1_141' title='bbox 367 2109 399 2168; x_wconf 92' lang='lat' dir='ltr'><strong>et</strong></span> <span class='ocrx_word' id='word_1_142' title='bbox 427 2104 604 2186; x_wconf 90' lang='lat' dir='ltr'><strong>deceptum,</strong></span> <span class='ocrx_word' id='word_1_143' title='bbox 632 2123 732 2185; x_wconf 83' lang='lat' dir='ltr'><strong>neqve</strong></span> <span class='ocrx_word' id='word_1_144' title='bbox 758 2101 837 2168; x_wconf 92' lang='lat' dir='ltr'><strong>locis</strong></span> <span class='ocrx_word' id='word_1_145' title='bbox 863 2101 1040 2167; x_wconf 89' lang='lat' dir='ltr'><strong>Homericis</strong></span> <span class='ocrx_word' id='word_1_146' title='bbox 1062 2100 1281 2167; x_wconf 80' lang='lat' dir='ltr'><strong>examinandis</strong></span> 
     </span>
     <span class='ocr_line' id='line_1_18' title="bbox 160 2201 1278 2288; baseline -0.003 -19"><span class='ocrx_word' id='word_1_147' title='bbox 160 2211 193 2270; x_wconf 88' lang='lat' dir='ltr'><strong>et·</strong></span> <span class='ocrx_word' id='word_1_148' title='bbox 217 2205 302 2270; x_wconf 87' lang='lat' dir='ltr'><strong>inter</strong></span> <span class='ocrx_word' id='word_1_149' title='bbox 329 2225 363 2270; x_wconf 91' lang='lat' dir='ltr'><strong>se</strong></span> <span class='ocrx_word' id='word_1_150' title='bbox 389 2205 623 2288; x_wconf 80' lang='lat' dir='ltr'><strong>comparandis,</strong></span> <span class='ocrx_word' id='word_1_151' title='bbox 651 2205 736 2288; x_wconf 87' lang='lat' dir='ltr'><strong>(vide</strong></span> <span class='ocrx_word' id='word_1_152' title='bbox 756 2204 912 2287; x_wconf 89' lang='lat' dir='ltr'><strong>imprimis</strong></span> <span class='ocrx_word' id='word_1_153' title='bbox 933 2205 992 2269; x_wconf 92' lang='lat' dir='ltr'><strong>hos</strong></span> <span class='ocrx_word' id='word_1_154' title='bbox 1014 2202 1042 2267; x_wconf 88' lang='lat' dir='ltr'><strong>A</strong></span> <span class='ocrx_word' id='word_1_155' title='bbox 1065 2207 1135 2271; x_wconf 83' lang='lat'>149.</span> <span class='ocrx_word' id='word_1_156' title='bbox 1159 2201 1183 2266; x_wconf 93' lang='grc' dir='ltr'>Δ</span> <span class='ocrx_word' id='word_1_157' title='bbox 1206 2205 1278 2266; x_wconf 88' lang='lat'><strong>339.</strong></span> 
     </span>
     <span class='ocr_line' id='line_1_19' title="bbox 160 2305 1278 2392; baseline -0.002 -21"><span class='ocrx_word' id='word_1_158' title='bbox 160 2331 175 2370; x_wconf 94' lang='grc' dir='ltr'>ν</span> <span class='ocrx_word' id='word_1_159' title='bbox 198 2311 269 2372; x_wconf 84' lang='lat'><strong>291.</strong></span> <span class='ocrx_word' id='word_1_160' title='bbox 292 2332 309 2371; x_wconf 93' lang='grc' dir='ltr'>ο</span> <span class='ocrx_word' id='word_1_161' title='bbox 332 2311 410 2390; x_wconf 77' lang='grc'>451)</span> <span class='ocrx_word' id='word_1_162' title='bbox 433 2308 528 2392; x_wconf 89' lang='lat' dir='ltr'><strong>hujus</strong></span> <span class='ocrx_word' id='word_1_163' title='bbox 549 2309 635 2374; x_wconf 88' lang='lat' dir='ltr'><strong>vocis</strong></span> <span class='ocrx_word' id='word_1_164' title='bbox 657 2327 749 2372; x_wconf 89' lang='lat' dir='ltr'><strong>usum</strong></span> <span class='ocrx_word' id='word_1_165' title='bbox 770 2307 936 2392; x_wconf 90' lang='lat' dir='ltr'><strong>proprium</strong></span> <span class='ocrx_word' id='word_1_166' title='bbox 957 2307 1122 2386; x_wconf 90' lang='lat' dir='ltr'><strong>invenisse,</strong></span> <span class='ocrx_word' id='word_1_167' title='bbox 1134 2305 1278 2390; x_wconf 89' lang='lat' dir='ltr'><strong>eqvidem</strong></span> 
     </span>
     <span class='ocr_line' id='line_1_20' title="bbox 159 2409 678 2489; baseline -0.002 -15"><span class='ocrx_word' id='word_1_168' title='bbox 159 2415 197 2476; x_wconf 90' lang='lat' dir='ltr'><strong>nt</strong></span> <span class='ocrx_word' id='word_1_169' title='bbox 217 2409 355 2489; x_wconf 87' lang='lat' dir='ltr'><strong>credam,</strong></span> <span class='ocrx_word' id='word_1_170' title='bbox 378 2411 505 2476; x_wconf 90' lang='lat' dir='ltr'><strong>minime</strong></span> <span class='ocrx_word' id='word_1_171' title='bbox 527 2410 678 2476; x_wconf 88' lang='lat' dir='ltr'><strong>adducor.</strong></span> 
     </span>
    </p>

    <p class='ocr_par' dir='ltr' id='par_1_4' title="bbox 156 2510 1280 3112">
     <span class='ocr_line' id='line_1_21' title="bbox 260 2510 1279 2599; baseline 0 -23"><span class='ocrx_word' id='word_1_172' title='bbox 260 2517 351 2598; x_wconf 89' lang='grc' dir='ltr'>κῆλα</span> <span class='ocrx_word' id='word_1_173' title='bbox 378 2515 448 2578; x_wconf 82' lang='grc' dir='ltr'>ποτὲ</span> <span class='ocrx_word' id='word_1_174' title='bbox 477 2515 527 2598; x_wconf 84' lang='grc' dir='ltr'><strong>μὲν</strong></span> <span class='ocrx_word' id='word_1_175' title='bbox 556 2513 592 2576; x_wconf 79' lang='grc' dir='ltr'><strong>τὰ</strong></span> <span class='ocrx_word' id='word_1_176' title='bbox 618 2514 714 2583; x_wconf 77' lang='grc' dir='ltr'>ξύλινα</span> <span class='ocrx_word' id='word_1_177' title='bbox 742 2512 813 2599; x_wconf 81' lang='grc' dir='ltr'>βέλη</span> <span class='ocrx_word' id='word_1_178' title='bbox 841 2510 883 2596; x_wconf 82' lang='grc' dir='ltr'><strong>(Α</strong></span> <span class='ocrx_word' id='word_1_179' title='bbox 906 2515 992 2598; x_wconf 89' lang='grc'><strong>383).</strong></span> <span class='ocrx_word' id='word_1_180' title='bbox 1015 2513 1062 2576; x_wconf 86' lang='grc' dir='ltr'><strong>ἐπὶ</strong></span> <span class='ocrx_word' id='word_1_181' title='bbox 1084 2515 1117 2577; x_wconf 85' lang='grc' dir='ltr'><strong>δὲ</strong></span> <span class='ocrx_word' id='word_1_182' title='bbox 1138 2517 1189 2576; x_wconf 77' lang='grc' dir='ltr'><strong>τοῦ</strong></span> <span class='ocrx_word' id='word_1_183' title='bbox 1212 2513 1279 2582; x_wconf 81' lang='grc' dir='ltr'>Διὸς</span> 
     </span>
     <span class='ocr_line' id='line_1_22' title="bbox 159 2613 1280 2703; baseline 0.002 -25"><span class='ocrx_word' id='word_1_184' title='bbox 159 2613 209 2699; x_wconf 83' lang='grc' dir='ltr'><strong>(Μ</strong></span> <span class='ocrx_word' id='word_1_185' title='bbox 236 2617 323 2701; x_wconf 84' lang='grc'>280),</span> <span class='ocrx_word' id='word_1_186' title='bbox 353 2618 380 2680; x_wconf 85' lang='grc' dir='ltr'><strong>οἱ</strong></span> <span class='ocrx_word' id='word_1_187' title='bbox 408 2617 459 2702; x_wconf 79' lang='grc' dir='ltr'><strong>μὲν</strong></span> <span class='ocrx_word' id='word_1_188' title='bbox 487 2616 523 2680; x_wconf 83' lang='grc' dir='ltr'><strong>τὰ</strong></span> <span class='ocrx_word' id='word_1_189' title='bbox 549 2621 666 2701; x_wconf 81' lang='grc' dir='ltr'>σημεῖα,</span> <span class='ocrx_word' id='word_1_190' title='bbox 689 2616 740 2685; x_wconf 82' lang='grc' dir='ltr'><strong>τὰς</strong></span> <span class='ocrx_word' id='word_1_191' title='bbox 762 2615 883 2702; x_wconf 82' lang='grc' dir='ltr'>βροντὰς</span> <span class='ocrx_word' id='word_1_192' title='bbox 903 2641 930 2680; x_wconf 91' lang='grc' dir='ltr'><strong>κ.</strong></span> <span class='ocrx_word' id='word_1_193' title='bbox 954 2617 1005 2686; x_wconf 81' lang='grc' dir='ltr'><strong>τὰς</strong></span> <span class='ocrx_word' id='word_1_194' title='bbox 1026 2618 1185 2703; x_wconf 82' lang='grc' dir='ltr'>ἀστραπάς,</span> <span class='ocrx_word' id='word_1_195' title='bbox 1208 2617 1224 2680; x_wconf 85' lang='grc' dir='ltr'>ὁ</span> <span class='ocrx_word' id='word_1_196' title='bbox 1247 2619 1280 2681; x_wconf 82' lang='grc' dir='ltr'><strong>δὲ</strong></span> 
     </span>
     <span class='ocr_line' id='line_1_23' title="bbox 156 2709 1278 2806; baseline 0.004 -24"><span class='ocrx_word' id='word_1_197' title='bbox 156 2709 223 2804; x_wconf 85' lang='grc' dir='ltr'><strong>Ἀρ.</strong></span> <span class='ocrx_word' id='word_1_198' title='bbox 247 2740 318 2806; x_wconf 78' lang='grc' dir='ltr'>φησι</span> <span class='ocrx_word' id='word_1_199' title='bbox 338 2744 365 2783; x_wconf 91' lang='grc' dir='ltr'><strong>κ.</strong></span> <span class='ocrx_word' id='word_1_200' title='bbox 388 2725 480 2784; x_wconf 78' lang='grc' dir='ltr'>ταῦτα</span> <span class='ocrx_word' id='word_1_201' title='bbox 502 2719 572 2806; x_wconf 79' lang='grc' dir='ltr'>βέλη</span> <span class='ocrx_word' id='word_1_202' title='bbox 596 2719 667 2783; x_wconf 77' lang='grc' dir='ltr'>εἶναι</span> <span class='ocrx_word' id='word_1_203' title='bbox 687 2723 739 2783; x_wconf 81' lang='grc' dir='ltr'><strong>τοῦ</strong></span> <span class='ocrx_word' id='word_1_204' title='bbox 760 2719 826 2789; x_wconf 85' lang='grc' dir='ltr'>Διὸς</span> <span class='ocrx_word' id='word_1_205' title='bbox 848 2767 855 2783; x_wconf 95' lang='grc'><strong>.</strong></span> <span class='ocrx_word' id='word_1_206' title='bbox 879 2767 888 2783; x_wconf 91' lang='grc'><strong>.</strong></span> <span class='ocrx_word' id='word_1_207' title='bbox 911 2767 920 2783; x_wconf 93' lang='grc'><strong>.</strong></span> <span class='ocrx_word' id='word_1_208' title='bbox 942 2719 1023 2785; x_wconf 83' lang='lat' dir='ltr'><strong>Item</strong></span> <span class='ocrx_word' id='word_1_209' title='bbox 1038 2719 1147 2786; x_wconf 82' lang='lat' dir='ltr'><strong>schol.</strong></span> <span class='ocrx_word' id='word_1_210' title='bbox 1165 2721 1191 2784; x_wconf 87' lang='lat' dir='ltr'><strong>A</strong></span> <span class='ocrx_word' id='word_1_211' title='bbox 1207 2723 1278 2786; x_wconf 88' lang='lat'>584.</span> 
     </span>
     <span class='ocr_line' id='line_1_24' title="bbox 159 2819 1279 2907; baseline 0.002 -22"><span class='ocrx_word' id='word_1_212' title='bbox 159 2819 193 2885; x_wconf 93' lang='lat' dir='ltr'>M</span> <span class='ocrx_word' id='word_1_213' title='bbox 215 2826 286 2886; x_wconf 83' lang='lat'>280.</span> <span class='ocrx_word' id='word_1_214' title='bbox 330 2823 427 2906; x_wconf 87' lang='lat' dir='ltr'><strong>Dipla</strong></span> <span class='ocrx_word' id='word_1_215' title='bbox 447 2823 545 2907; x_wconf 89' lang='lat' dir='ltr'><strong>igitur</strong></span> <span class='ocrx_word' id='word_1_216' title='bbox 567 2823 717 2889; x_wconf 88' lang='lat' dir='ltr'><strong>adversus</strong></span> <span class='ocrx_word' id='word_1_217' title='bbox 740 2843 794 2888; x_wconf 91' lang='lat' dir='ltr'><strong>eos</strong></span> <span class='ocrx_word' id='word_1_218' title='bbox 815 2823 920 2905; x_wconf 89' lang='lat' dir='ltr'><strong>posita</strong></span> <span class='ocrx_word' id='word_1_219' title='bbox 942 2822 1011 2900; x_wconf 91' lang='lat' dir='ltr'><strong>fnit,</strong></span> <span class='ocrx_word' id='word_1_220' title='bbox 1029 2823 1091 2904; x_wconf 87' lang='lat' dir='ltr'><strong>qvi,</strong></span> <span class='ocrx_word' id='word_1_221' title='bbox 1108 2843 1180 2887; x_wconf 92' lang='lat' dir='ltr'><strong>cum</strong></span> <span class='ocrx_word' id='word_1_222' title='bbox 1195 2821 1279 2887; x_wconf 83' lang='lat' dir='ltr'><strong>Iovis</strong></span> 
     </span>
     <span class='ocr_line' id='line_1_25' title="bbox 158 2923 1277 3010; baseline 0 -21"><span class='ocrx_word' id='word_1_223' title='bbox 158 2923 225 2990; x_wconf 88' lang='lat' dir='ltr'><strong>tela</strong></span> <span class='ocrx_word' id='word_1_224' title='bbox 246 2925 386 3009; x_wconf 82' lang='lat' dir='ltr'><strong>intellegi</strong></span> <span class='ocrx_word' id='word_1_225' title='bbox 407 2947 501 3009; x_wconf 90' lang='lat' dir='ltr'><strong>posse</strong></span> <span class='ocrx_word' id='word_1_226' title='bbox 523 2931 686 3010; x_wconf 83' lang='lat' dir='ltr'><strong>negarent,</strong></span> <span class='ocrx_word' id='word_1_227' title='bbox 709 2925 783 3008; x_wconf 89' lang='lat' dir='ltr'><strong>qvia</strong></span> <span class='ocrx_word' id='word_1_228' title='bbox 799 2925 858 2990; x_wconf 92' lang='lat' dir='ltr'><strong>deo</strong></span> <span class='ocrx_word' id='word_1_229' title='bbox 873 2945 936 2990; x_wconf 94' lang='lat' dir='ltr'><strong>non</strong></span> <span class='ocrx_word' id='word_1_230' title='bbox 955 2924 1081 2990; x_wconf 89' lang='lat' dir='ltr'><strong>deceret</strong></span> <span class='ocrx_word' id='word_1_231' title='bbox 1097 2923 1175 2990; x_wconf 89' lang='lat' dir='ltr'><strong>talia</strong></span> <span class='ocrx_word' id='word_1_232' title='bbox 1190 2923 1277 3009; x_wconf 89' lang='lat' dir='ltr'><strong>fingi,</strong></span> 
     </span>
     <span class='ocr_line' id='line_1_26' title="bbox 159 3027 966 3112; baseline 0 -21"><span class='ocrx_word' id='word_1_233' title='bbox 159 3048 218 3110; x_wconf 90' lang='lat' dir='ltr'><strong>pro</strong></span> <span class='ocrx_word' id='word_1_234' title='bbox 241 3027 426 3094; x_wconf 85' lang='lat' dir='ltr'><strong>fulminibus</strong></span> <span class='ocrx_word' id='word_1_235' title='bbox 448 3035 481 3095; x_wconf 91' lang='lat' dir='ltr'><strong>et</strong></span> <span class='ocrx_word' id='word_1_236' title='bbox 502 3029 636 3094; x_wconf 90' lang='lat' dir='ltr'><strong>ostentis</strong></span> <span class='ocrx_word' id='word_1_237' title='bbox 658 3031 736 3112; x_wconf 84' lang='grc' dir='ltr'>κῆλα</span> <span class='ocrx_word' id='word_1_238' title='bbox 756 3027 966 3110; x_wconf 88' lang='lat' dir='ltr'><strong>accipiebant.</strong></span> 
     </span>
    </p>

    <p class='ocr_par' dir='ltr' id='par_1_5' title="bbox 160 3128 1279 4346">
     <span class='ocr_line' id='line_1_27' title="bbox 261 3128 1278 3196; baseline 0 -2"><span class='ocrx_word' id='word_1_239' title='bbox 261 3131 368 3194; x_wconf 85' lang='grc' dir='ltr'>κλίσιον</span> <span class='ocrx_word' id='word_1_240' title='bbox 400 3132 433 3195; x_wconf 92' lang='lat' dir='ltr'><strong>in</strong></span> <span class='ocrx_word' id='word_1_241' title='bbox 460 3157 485 3194; x_wconf 87' lang='grc' dir='ltr'><strong>ιο</strong></span> <span class='ocrx_word' id='word_1_242' title='bbox 513 3134 585 3196; x_wconf 81' lang='lat'><strong>208.</strong></span> <span class='ocrx_word' id='word_1_243' title='bbox 628 3131 677 3196; x_wconf 89' lang='lat' dir='ltr'><strong>De</strong></span> <span class='ocrx_word' id='word_1_244' title='bbox 704 3131 735 3196; x_wconf 93' lang='lat' dir='ltr'><strong>h.</strong></span> <span class='ocrx_word' id='word_1_245' title='bbox 763 3153 791 3196; x_wconf 89' lang='lat' dir='ltr'><strong>v.</strong></span> <span class='ocrx_word' id='word_1_246' title='bbox 819 3129 955 3196; x_wconf 90' lang='lat' dir='ltr'><strong>aliorum</strong></span> <span class='ocrx_word' id='word_1_247' title='bbox 982 3129 1065 3195; x_wconf 88' lang='lat' dir='ltr'><strong>aliae</strong></span> <span class='ocrx_word' id='word_1_248' title='bbox 1091 3128 1278 3196; x_wconf 89' lang='lat' dir='ltr'><strong>ferebantur</strong></span> 
     </span>
     <span class='ocr_line' id='line_1_28' title="bbox 160 3230 1277 3316; baseline -0.003 -17"><span class='ocrx_word' id='word_1_249' title='bbox 160 3233 350 3312; x_wconf 81' lang='lat' dir='ltr'><strong>sententiae3</strong></span> <span class='ocrx_word' id='word_1_250' title='bbox 390 3253 523 3316; x_wconf 85' lang='lat' dir='ltr'><strong>qvarum</strong></span> <span class='ocrx_word' id='word_1_251' title='bbox 560 3231 735 3312; x_wconf 89' lang='lat' dir='ltr'><strong>Heliodcri,</strong></span> <span class='ocrx_word' id='word_1_252' title='bbox 768 3230 911 3316; x_wconf 90' lang='lat' dir='ltr'><strong>Apionis,</strong></span> <span class='ocrx_word' id='word_1_253' title='bbox 944 3231 1121 3298; x_wconf 86' lang='lat' dir='ltr'><strong>Aristarchi</strong></span> <span class='ocrx_word' id='word_1_254' title='bbox 1152 3231 1277 3298; x_wconf 86' lang='lat' dir='ltr'><strong>lexicon</strong></span> 
     </span>
     <span class='ocr_line' id='line_1_29' title="bbox 160 3335 1279 3402; baseline -0.001 -2"><span class='ocrx_word' id='word_1_255' title='bbox 160 3335 267 3402; x_wconf 87' lang='lat' dir='ltr'><strong>refert.</strong></span> <span class='ocrx_word' id='word_1_256' title='bbox 312 3335 492 3402; x_wconf 84' lang='lat' dir='ltr'><strong>Secundum</strong></span> <span class='ocrx_word' id='word_1_257' title='bbox 514 3335 697 3402; x_wconf 88' lang='lat' dir='ltr'><strong>Villoisonis</strong></span> <span class='ocrx_word' id='word_1_258' title='bbox 717 3335 892 3402; x_wconf 86' lang='lat' dir='ltr'><strong>versionem</strong></span> <span class='ocrx_word' id='word_1_259' title='bbox 913 3335 993 3402; x_wconf 88' lang='lat' dir='ltr'><strong>haec</strong></span> <span class='ocrx_word' id='word_1_260' title='bbox 1015 3342 1084 3400; x_wconf 89' lang='lat' dir='ltr'><strong>erat</strong></span> <span class='ocrx_word' id='word_1_261' title='bbox 1100 3335 1279 3400; x_wconf 89' lang='lat' dir='ltr'><strong>Aristarchi</strong></span> 
     </span>
     <span class='ocr_line' id='line_1_30' title="bbox 161 3437 1277 3521; baseline -0.002 -17"><span class='ocrx_word' id='word_1_262' title='bbox 161 3438 331 3504; x_wconf 87' lang='lat' dir='ltr'><strong>sententia:</strong></span> <span class='ocrx_word' id='word_1_263' title='bbox 365 3442 414 3502; x_wconf 91' lang='grc' dir='ltr'>κλ.</span> <span class='ocrx_word' id='word_1_264' title='bbox 448 3445 497 3504; x_wconf 90' lang='lat' dir='ltr'><strong>est</strong></span> <span class='ocrx_word' id='word_1_265' title='bbox 527 3438 665 3521; x_wconf 91' lang='lat' dir='ltr'><strong>undiqve</strong></span> <span class='ocrx_word' id='word_1_266' title='bbox 687 3439 773 3504; x_wconf 87' lang='lat' dir='ltr'><strong>circa</strong></span> <span class='ocrx_word' id='word_1_267' title='bbox 800 3437 927 3504; x_wconf 90' lang='lat' dir='ltr'><strong>domum</strong></span> <span class='ocrx_word' id='word_1_268' title='bbox 953 3445 986 3504; x_wconf 92' lang='lat' dir='ltr'><strong>et</strong></span> <span class='ocrx_word' id='word_1_269' title='bbox 1011 3437 1109 3504; x_wconf 88' lang='lat' dir='ltr'><strong>veluti</strong></span> <span class='ocrx_word' id='word_1_270' title='bbox 1135 3458 1175 3504; x_wconf 86' lang='lat' dir='ltr'><strong>ex</strong></span> <span class='ocrx_word' id='word_1_271' title='bbox 1196 3443 1277 3502; x_wconf 87' lang='lat' dir='ltr'><strong>stra·</strong></span> 
     </span>
     <span class='ocr_line' id='line_1_31' title="bbox 161 3539 1277 3628; baseline 0.002 -24"><span class='ocrx_word' id='word_1_272' title='bbox 161 3541 275 3608; x_wconf 89' lang='lat' dir='ltr'><strong>mentis</strong></span> <span class='ocrx_word' id='word_1_273' title='bbox 297 3547 330 3606; x_wconf 91' lang='lat' dir='ltr'><strong>et</strong></span> <span class='ocrx_word' id='word_1_274' title='bbox 350 3541 516 3608; x_wconf 88' lang='lat' dir='ltr'><strong>frondibus</strong></span> <span class='ocrx_word' id='word_1_275' title='bbox 537 3543 655 3608; x_wconf 88' lang='lat' dir='ltr'><strong>teneris</strong></span> <span class='ocrx_word' id='word_1_276' title='bbox 677 3539 880 3608; x_wconf 87' lang='lat' dir='ltr'><strong>aedificatum</strong></span> <span class='ocrx_word' id='word_1_277' title='bbox 901 3541 1019 3625; x_wconf 89' lang='lat' dir='ltr'><strong>aliqrid</strong></span> <span class='ocrx_word' id='word_1_278' title='bbox 1041 3542 1088 3627; x_wconf 83' lang='grc' dir='ltr'><strong>(ἐκ</strong></span> <span class='ocrx_word' id='word_1_279' title='bbox 1110 3542 1277 3628; x_wconf 78' lang='grc' dir='ltr'>στιβάδων),</span> 
     </span>
     <span class='ocr_line' id='line_1_32' title="bbox 162 3643 1278 3727; baseline 0 -19"><span class='ocrx_word' id='word_1_280' title='bbox 162 3643 213 3708; x_wconf 91' lang='lat' dir='ltr'><strong>cui</strong></span> <span class='ocrx_word' id='word_1_281' title='bbox 238 3643 366 3710; x_wconf 85' lang='lat' dir='ltr'><strong>innixae</strong></span> <span class='ocrx_word' id='word_1_282' title='bbox 392 3643 490 3709; x_wconf 90' lang='lat' dir='ltr'><strong>sellae</strong></span> <span class='ocrx_word' id='word_1_283' title='bbox 511 3644 722 3727; x_wconf 86' lang='lat' dir='ltr'><strong>ponebantur,</strong></span> <span class='ocrx_word' id='word_1_284' title='bbox 743 3644 790 3710; x_wconf 90' lang='lat' dir='ltr'><strong>ita</strong></span> <span class='ocrx_word' id='word_1_285' title='bbox 810 3645 901 3709; x_wconf 89' lang='lat' dir='ltr'><strong>utin</strong></span> <span class='ocrx_word' id='word_1_286' title='bbox 922 3665 960 3710; x_wconf 92' lang='lat' dir='ltr'><strong>eo</strong></span> <span class='ocrx_word' id='word_1_287' title='bbox 981 3643 1127 3710; x_wconf 88' lang='lat' dir='ltr'><strong>sedentes</strong></span> <span class='ocrx_word' id='word_1_288' title='bbox 1147 3650 1278 3726; x_wconf 86' lang='lat' dir='ltr'><strong>possent</strong></span> 
     </span>
     <span class='ocr_line' id='line_1_33' title="bbox 169 3745 1276 3830; baseline 0.002 -20"><span class='ocrx_word' id='word_1_289' title='bbox 169 3763 298 3810; x_wconf 82' lang='lat' dir='ltr'><strong>coenare</strong></span> <span class='ocrx_word' id='word_1_290' title='bbox 329 3751 362 3812; x_wconf 92' lang='lat' dir='ltr'><strong>et</strong></span> <span class='ocrx_word' id='word_1_291' title='bbox 393 3767 538 3812; x_wconf 91' lang='lat' dir='ltr'><strong>somnum</strong></span> <span class='ocrx_word' id='word_1_292' title='bbox 571 3753 712 3830; x_wconf 84' lang='lat' dir='ltr'><strong>capere.“</strong></span> <span class='ocrx_word' id='word_1_293' title='bbox 754 3749 891 3814; x_wconf 87' lang='lat' dir='ltr'><strong>Prorsus</strong></span> <span class='ocrx_word' id='word_1_294' title='bbox 917 3747 1029 3812; x_wconf 91' lang='lat' dir='ltr'><strong>eadem</strong></span> <span class='ocrx_word' id='word_1_295' title='bbox 1053 3745 1152 3810; x_wconf 89' lang='lat' dir='ltr'><strong>habet</strong></span> <span class='ocrx_word' id='word_1_296' title='bbox 1177 3745 1276 3812; x_wconf 90' lang='lat' dir='ltr'><strong>schol.</strong></span> 
     </span>
     <span class='ocr_line' id='line_1_34' title="bbox 170 3843 1276 3934; baseline 0.007 -24"><span class='ocrx_word' id='word_1_297' title='bbox 170 3843 331 3932; x_wconf 76' lang='lat' dir='ltr'><strong>Porphyrii</strong></span> <span class='ocrx_word' id='word_1_298' title='bbox 356 3848 398 3914; x_wconf 92' lang='lat' dir='ltr'><strong>ad</strong></span> <span class='ocrx_word' id='word_1_299' title='bbox 424 3848 446 3914; x_wconf 94' lang='lat' dir='ltr'><strong>l.</strong></span> <span class='ocrx_word' id='word_1_300' title='bbox 474 3849 506 3928; x_wconf 89' lang='lat' dir='ltr'><strong>l.,</strong></span> <span class='ocrx_word' id='word_1_301' title='bbox 534 3849 651 3916; x_wconf 88' lang='lat' dir='ltr'><strong>additis</strong></span> <span class='ocrx_word' id='word_1_302' title='bbox 677 3855 802 3916; x_wconf 87' lang='lat' dir='ltr'><strong>tantum</strong></span> <span class='ocrx_word' id='word_1_303' title='bbox 829 3849 892 3916; x_wconf 90' lang='lat' dir='ltr'><strong>his:</strong></span> <span class='ocrx_word' id='word_1_304' title='bbox 915 3849 961 3912; x_wconf 78' lang='lat' dir='ltr'><strong>tva</strong></span> <span class='ocrx_word' id='word_1_305' title='bbox 983 3850 1024 3934; x_wconf 79' lang='grc' dir='ltr'><strong>μὴ</strong></span> <span class='ocrx_word' id='word_1_306' title='bbox 1047 3847 1135 3917; x_wconf 79' lang='grc' dir='ltr'>ἄλλος</span> <span class='ocrx_word' id='word_1_307' title='bbox 1157 3847 1276 3934; x_wconf 73' lang='grc' dir='ltr'>ολκοτῆ</span> 
     </span>
     <span class='ocr_line' id='line_1_35' title="bbox 169 3949 1277 4038; baseline 0.005 -26"><span class='ocrx_word' id='word_1_308' title='bbox 169 3954 215 4013; x_wconf 79' lang='grc' dir='ltr'><strong>τοῦ</strong></span> <span class='ocrx_word' id='word_1_309' title='bbox 246 3951 389 4038; x_wconf 80' lang='grc' dir='ltr'>Λαέρτου,</span> <span class='ocrx_word' id='word_1_310' title='bbox 422 3950 495 4016; x_wconf 86' lang='grc' dir='ltr'>ἄλλο</span> <span class='ocrx_word' id='word_1_311' title='bbox 521 3953 553 4016; x_wconf 77' lang='grc' dir='ltr'><strong>δὲ</strong></span> <span class='ocrx_word' id='word_1_312' title='bbox 579 3953 612 4016; x_wconf 85' lang='grc' dir='ltr'><strong>τὸ</strong></span> <span class='ocrx_word' id='word_1_313' title='bbox 638 3954 754 4031; x_wconf 79' lang='grc' dir='ltr'>κλίσιον,</span> <span class='ocrx_word' id='word_1_314' title='bbox 776 3949 839 4016; x_wconf 83' lang='grc' dir='ltr'>ἀλλ’</span> <span class='ocrx_word' id='word_1_315' title='bbox 863 3952 893 4015; x_wconf 83' lang='grc' dir='ltr'><strong>ἐν</strong></span> <span class='ocrx_word' id='word_1_316' title='bbox 915 3957 956 4038; x_wconf 78' lang='grc' dir='ltr'><strong>τῷ</strong></span> <span class='ocrx_word' id='word_1_317' title='bbox 979 3949 1049 4038; x_wconf 79' lang='grc' dir='ltr'>οἴκιρ</span> <span class='ocrx_word' id='word_1_318' title='bbox 1071 3956 1123 4016; x_wconf 81' lang='grc' dir='ltr'><strong>τοῦ</strong></span> <span class='ocrx_word' id='word_1_319' title='bbox 1146 3951 1277 4038; x_wconf 76' lang='grc' dir='ltr'>Λαέρταο</span> 
     </span>
     <span class='ocr_line' id='line_1_36' title="bbox 168 4053 1278 4136; baseline 0.005 -22"><span class='ocrx_word' id='word_1_320' title='bbox 168 4073 194 4114; x_wconf 86' lang='grc' dir='ltr'><strong>κ.</strong></span> <span class='ocrx_word' id='word_1_321' title='bbox 211 4077 236 4116; x_wconf 86' lang='grc' dir='ltr'><strong>τ.</strong></span> <span class='ocrx_word' id='word_1_322' title='bbox 259 4056 286 4116; x_wconf 83' lang='grc' dir='ltr'>λ</span> <span class='ocrx_word' id='word_1_323' title='bbox 309 4074 391 4136; x_wconf 89' lang='lat' dir='ltr'><strong>qvae</strong></span> <span class='ocrx_word' id='word_1_324' title='bbox 412 4053 524 4120; x_wconf 86' lang='lat' dir='ltr'><strong>eadem</strong></span> <span class='ocrx_word' id='word_1_325' title='bbox 545 4053 621 4132; x_wconf 87' lang='lat' dir='ltr'><strong>fere,</strong></span> <span class='ocrx_word' id='word_1_326' title='bbox 644 4055 785 4136; x_wconf 89' lang='lat' dir='ltr'><strong>qvamvis</strong></span> <span class='ocrx_word' id='word_1_327' title='bbox 806 4074 870 4120; x_wconf 88' lang='lat' dir='ltr'><strong>non</strong></span> <span class='ocrx_word' id='word_1_328' title='bbox 892 4075 931 4120; x_wconf 87' lang='lat' dir='ltr'><strong>ex</strong></span> <span class='ocrx_word' id='word_1_329' title='bbox 951 4053 1129 4122; x_wconf 86' lang='lat' dir='ltr'><strong>Aristarchi</strong></span> <span class='ocrx_word' id='word_1_330' title='bbox 1140 4055 1278 4122; x_wconf 89' lang='lat' dir='ltr'><strong>auctori-</strong></span> 
     </span>
     <span class='ocr_line' id='line_1_37' title="bbox 168 4155 1277 4245; baseline 0.005 -27"><span class='ocrx_word' id='word_1_331' title='bbox 168 4159 237 4234; x_wconf 87' lang='lat' dir='ltr'><strong>tate,</strong></span> <span class='ocrx_word' id='word_1_332' title='bbox 265 4156 298 4220; x_wconf 92' lang='lat' dir='ltr'><strong>in</strong></span> <span class='ocrx_word' id='word_1_333' title='bbox 323 4156 415 4224; x_wconf 87' lang='lat' dir='ltr'><strong>initio</strong></span> <span class='ocrx_word' id='word_1_334' title='bbox 442 4155 569 4224; x_wconf 86' lang='lat' dir='ltr'><strong>articuli</strong></span> <span class='ocrx_word' id='word_1_335' title='bbox 595 4157 697 4222; x_wconf 90' lang='lat' dir='ltr'><strong>nostri</strong></span> <span class='ocrx_word' id='word_1_336' title='bbox 722 4156 884 4240; x_wconf 88' lang='lat' dir='ltr'><strong>leguntur:</strong></span> <span class='ocrx_word' id='word_1_337' title='bbox 913 4159 976 4222; x_wconf 82' lang='grc' dir='ltr'>ἀντὶ</span> <span class='ocrx_word' id='word_1_338' title='bbox 1001 4162 1053 4222; x_wconf 82' lang='grc' dir='ltr'><strong>τοῦ</strong></span> <span class='ocrx_word' id='word_1_339' title='bbox 1081 4159 1110 4224; x_wconf 87' lang='grc' dir='ltr'><strong>ἐν</strong></span> <span class='ocrx_word' id='word_1_340' title='bbox 1139 4161 1180 4245; x_wconf 79' lang='grc' dir='ltr'><strong>τῷ</strong></span> <span class='ocrx_word' id='word_1_341' title='bbox 1207 4158 1277 4245; x_wconf 81' lang='grc' dir='ltr'>οἴκιρ</span> 
     </span>
     <span class='ocr_line' id='line_1_38' title="bbox 167 4255 1277 4346; baseline 0.007 -24"><span class='ocrx_word' id='word_1_342' title='bbox 167 4255 356 4345; x_wconf 73' lang='grc' dir='ltr'><strong>[Λαέρτοιιλ]ι</strong></span> <span class='ocrx_word' id='word_1_343' title='bbox 401 4257 503 4336; x_wconf 87' lang='lat' dir='ltr'><strong>Qvare</strong></span> <span class='ocrx_word' id='word_1_344' title='bbox 530 4263 608 4343; x_wconf 92' lang='lat' dir='ltr'><strong>puto</strong></span> <span class='ocrx_word' id='word_1_345' title='bbox 635 4259 666 4324; x_wconf 93' lang='lat' dir='ltr'><strong>h.</strong></span> <span class='ocrx_word' id='word_1_346' title='bbox 693 4258 715 4328; x_wconf 91' lang='lat' dir='ltr'><strong>l.</strong></span> <span class='ocrx_word' id='word_1_347' title='bbox 742 4259 854 4327; x_wconf 89' lang='lat' dir='ltr'><strong>scholii</strong></span> <span class='ocrx_word' id='word_1_348' title='bbox 882 4260 1002 4328; x_wconf 72' lang='lat' dir='ltr'><strong>tantm</strong></span> <span class='ocrx_word' id='word_1_349' title='bbox 1028 4261 1126 4328; x_wconf 78' lang='lat' dir='ltr'><strong>laima</strong></span> <span class='ocrx_word' id='word_1_350' title='bbox 1147 4261 1277 4346; x_wconf 87' lang='lat' dir='ltr'><strong>Apollo·</strong></span> 
     </span>
    </p>
   </div>
   <div class='ocr_carea' id='block_1_4' title="bbox 0 0 1554 4874">
    <p class='ocr_par' dir='ltr' id='par_1_6' title="bbox 0 0 1554 4874">
     <span class='ocr_line' id='line_1_39' title="bbox 0 0 1554 4874; baseline 0 0"><span class='ocrx_word' id='word_1_351' title='bbox 0 0 1554 4874; x_wconf 95' lang='lat' dir='ltr'><strong> </strong></span> 
     </span>
    </p>
   </div>
  </div>
 </body>
</html>
