3108 4870
316 320 376 380 104

267 502 364 586 logici
386 503 531 587 aequoris
553 503 672 569 evitare
693 503 865 586 nesciebat,
887 525 957 569 cum
968 503 1038 588 jam
1052 503 1149 586 pestis
1163 502 1220 568 illa
1233 503 1267 566 in
1281 523 1389 587 gram-

269 605 459 670 maticorum
486 604 569 670 ludis
597 605 696 670 libere
717 610 897 688 vagaretur.
940 605 1057 690 Etyma
1079 604 1259 687 aucupandi
1281 604 1388 670 studio

270 713 427 788 arreptus,
454 726 517 771 non
544 707 646 772 solum
673 728 753 791 qvae
779 707 985 772 Aristarchus
1013 707 1191 772 tradiderat
1213 707 1269 772 sed
1291 707 1387 772 etiam

269 809 420 892 qvidqvid
445 809 514 892 ipse
541 810 687 886 eulalii,
714 809 870 892 imprimis
897 809 950 892 qvi
984 809 1193 894 etymologiae
1222 810 1387 892 cupidissi-

270 934 356 977 mum
379 933 413 977 se
435 912 578 995 praebet,
600 913 693 994 Apio,
717 911 941 990 conflaverant,
956 912 989 976 in
1004 911 1141 978 medium
1157 911 1288 995 profert.
1322 913 1389 977 Ita·

270 1035 329 1098 qve
355 1014 592 1092 vocabulorum,
621 1035 700 1097 qvae
727 1015 760 1078 in
788 1014 849 1080 hoc
877 1015 982 1096 eapite
1010 1015 1225 1090 tractavimus,
1249 1015 1388 1080 omnium

270 1115 338 1182 fero
360 1117 497 1200 origines
519 1117 659 1182 invenire
681 1116 796 1182 studet.
839 1117 877 1180 In
900 1117 1012 1199 quibus
1033 1115 1186 1182 nonnulla
1208 1123 1291 1196 sunt,
1314 1137 1388 1200 qro-

270 1239 342 1282 rum
375 1219 593 1304 etymologiae,
626 1219 767 1302 qvamvis
798 1218 839 1284 ab
866 1219 1053 1284 Aristarcho
1081 1217 1253 1301 profectae,
1282 1224 1389 1284 tamen

271 1320 498 1403 improbabiles
518 1322 567 1386 vel
580 1323 708 1404 ineptae
723 1326 806 1398 sunt,
822 1326 871 1385 ut:
894 1321 1092 1406 ἀγέρωχοι,
1108 1321 1292 1405 ἄκνηστις,
1308 1323 1394 1386 ciao-

271 1426 417 1509 στήσας,
439 1422 557 1501 ἔντεα,
580 1423 693 1510 ἱερόν,
716 1423 879 1510 πρόβατα
902 1429 974 1489 cett.
997 1423 1169 1489 Praeterea
1185 1445 1242 1488 suo
1263 1425 1391 1490 nomine

272 1527 481 1612 etymologica
508 1528 662 1611 quaedam
688 1527 793 1611 Apoll.
820 1528 980 1610 proponit,
1009 1549 1036 1591 ν.
1060 1548 1087 1592 c.
1111 1526 1169 1592 sub
1192 1527 1255 1591 his:
1278 1526 1393 1604 κόνις,

271 1628 442 1704 Μολίονε,
466 1630 617 1715 οὐρῆας,
640 1632 794 1716 πρηνής,
818 1629 921 1716 ῥινός.

375 1732 567 1798 Monsndum
590 1733 674 1798 enim
696 1739 753 1810 est,
775 1733 860 1796 inter
881 1731 1085 1814 Apollonium
1101 1737 1133 1796 et
1147 1729 1394 1811 Alexandrinos,

272 1833 428 1916 imprimis
455 1835 676 1920 Aristarchum
703 1835 765 1900 hoe
792 1834 928 1898 maxime
956 1834 1118 1912 interesse,
1146 1834 1229 1916 qvod
1251 1833 1303 1898 hic
1322 1835 1392 1915 jam

273 1936 373 2001 multo
396 1937 498 2020 magis
520 1958 613 2019 qvam
635 1937 681 2000 illi
703 1937 736 2000 in
759 1937 934 2019 originibus
955 1957 1067 2001 vocum
1089 1936 1264 2001 enodandis
1285 1957 1393 2001 versa·

272 2045 334 2118 tus,
362 2039 636 2122 glossographiam
663 2038 880 2123 etymologicis
908 2037 1085 2103 rationibus
1113 2037 1310 2117 confirmare,
1332 2038 1391 2100 im·

273 2163 325 2206 mo
352 2163 373 2206 a
399 2141 468 2207 sola
495 2141 686 2226 etymologia
713 2162 809 2224 saepe
835 2141 1081 2224 significationes
1108 2146 1252 2223 repetere
1275 2140 1385 2206 studet.

274 2245 318 2310 Ut
340 2244 409 2326 jam
438 2244 584 2322 diximus,
612 2249 686 2326 post
708 2244 928 2308 Aristarchum
952 2244 1160 2327 etymologiae
1183 2243 1321 2308 studium
1341 2243 1388 2305 in·-

275 2351 435 2412 crementa
461 2347 493 2410 in
523 2347 588 2412 dies
616 2346 738 2428 majora
767 2347 859 2428 cepit,
884 2352 915 2410 et
937 2347 988 2428 qvi
1010 2345 1056 2410 illi
1078 2367 1207 2428 operam
1229 2350 1395 2421 navarent,

275 2448 366 2514 multi
388 2448 524 2513 fuerunt.
570 2449 707 2526 Quorum
729 2449 917 2531 Apollonius
938 2454 1035 2514 testes
1056 2448 1198 2512 adhibet:
1221 2447 1392 2528 Apollodo-

274 2571 348 2616 rum
378 2551 612 2630 Atheniensem,
645 2552 697 2634 qvi
726 2553 837 2634 scripit
864 2553 930 2636 περὶ
958 2552 1152 2636 ἐτυμολογιῶν
1181 2551 1308 2636 (Athen.
1336 2549 1395 2627 XI,

276 2657 347 2718 483.
376 2653 428 2740 Α.)
457 2659 488 2718 st
514 2651 712 2718 Demetrium
738 2653 882 2718 latonam
909 2656 1097 2736 scriptorem
1123 2653 1198 2718 libri
1220 2653 1399 2737 ἐτυμολογία

275 2755 429 2822 intitulati
456 2757 586 2836 (Athen.
613 2755 655 2835 ΙΙ,
685 2759 724 2820 50
753 2757 851 2839 Α.)*)
880 2755 990 2838 ltaque
1017 2761 1053 2820 ut
1074 2756 1218 2838 Apionsa
1239 2756 1397 2832 omittam,

272 2860 340 2943 jam
366 2860 399 2924 in
427 2859 529 2924 lexico
556 2859 727 2942 Apollonii,
757 2859 874 2924 multas
900 2879 1002 2942 nugas
1030 2865 1061 2924 et
1087 2859 1224 2940 ineptias
1250 2857 1396 2940 legimus,

277 2982 391 3044 easque
417 2962 589 3044 praecipue
610 2962 642 3026 in
665 2962 714 3040 iis,
728 2975 816 3045 'qvae
838 2983 901 3028 non
922 2963 1109 3027 Aristarcho
1132 2961 1277 3026 videntur
1300 2960 1396 3042 origi·

276 3084 347 3129 nem
376 3063 500 3130 debere.
545 3063 626 3128 Sunt
652 3063 732 3130 haec
761 3064 886 3148 qvidem
913 3064 1031 3129 indicia
1053 3063 1146 3128 lexici
1168 3085 1185 3128 e
1207 3063 1303 3127 variis
1325 3063 1396 3126 fon-

276 3165 362 3231 tibus
385 3165 557 3250 compilati.
602 3165 750 3244 Quorum,
773 3187 853 3248 qvae
875 3167 1011 3230 maxime
1032 3165 1161 3247 sapiunt
1183 3165 1395 3230 recentiorum

276 3269 428 3352 argutias,
460 3269 613 3334 nonnulla
640 3269 786 3352 exempla
808 3269 877 3352 jam
903 3289 1096 3352 proponam:
1126 3267 1202 3332 τίειν
1232 3271 1310 3331 πνεῖν
1338 3268 1400 3330 ἀπὸ

277 3377 329 3436 τοῦ
356 3373 402 3436 ἀεὶ
430 3371 509 3436 ἰέναι.
538 3372 697 3458 ἀήσυρον
725 3372 783 3436 οἷόν
811 3395 843 3434 τε
870 3373 925 3436 ὑπὸ
953 3375 1005 3434 τοῦ
1033 3370 1141 3454 ἀνέμου
1169 3371 1318 3456 σύρεσθαι
1346 3369 1399 3433 al·

277 3475 360 3559 ζηοί
385 3475 411 3537 οἱ
438 3475 467 3538 ἐν
495 3476 572 3560 ἀήογγ
601 3475 722 3546 ζέοντες.
750 3475 877 3558 αἶσχος
899 3473 991 3538 ὅοόκ
1012 3472 1047 3538 ἄν
1070 3489 1112 3542 τις
1133 3472 1223 3558 ἴσχειν
1246 3473 1399 3559 βούληται.

277 3577 449 3662 αἰγανέας
475 3578 533 3640 ἀπὸ
561 3581 612 3640 τοῦ
640 3576 712 3662 ἄγαν
742 3577 846 3642 ἵεσθαι.
875 3577 1060 3662 ardeperto
1089 3613 1130 3624 -·
1153 3613 1194 3624 --
1216 3573 1266 3661 ἀφ’
1292 3573 1326 3639 od
1348 3574 1398 3660 ἄμ-

276 3703 361 3766 χεται
388 3682 484 3744 ἀνθεῖν
512 3680 544 3742 τὸ
571 3679 679 3763 γένειον
707 3715 749 3728 -
777 3717 818 3728 -
846 3680 1087 3764 ἀντιμολῆσαι
1113 3679 1172 3741 οἷον
1201 3677 1401 3764 ἀντιβολῆσαι.

278 3784 469 3869 ἀνδρακάτι
498 3783 642 3869 ἀνδραδοίς
664 3807 703 3844 ·:.
723 3783 811 3846 auio:
834 3782 916 3846 δαίω.
939 3782 1182 3868 ἀνηρείψαντο
1203 3819 1245 3830 -
1265 3781 1323 3844 ἀπὸ
1343 3785 1398 3865 τῆς

279 3873 347 3971 ipss
369 3886 590 3972 ἀναλαμβάνειν.
614 3886 833 3950 ἀπεκαίνυτο
856 3885 943 3961 ἐνίκα,
966 3885 1024 3947 ἀπὸ
1050 3889 1102 3947 τοῦ
1124 3883 1243 3949 ἄπωθεν
1266 3888 1318 3947 τοῦ
1340 3884 1401 3946 καί·

278 3989 380 4052 νεοθαι
407 3989 478 4052 εἶναι
505 3993 571 4057 τοῦς
598 3993 743 4056 νικῶντας.
771 4025 812 4036 -
841 3988 959 4073 ἀπήνη
988 3987 1093 4070 ἅμαξα,
1121 3987 1178 4050 ἀπὸ
1201 3990 1253 4050 τοῦ
1275 3985 1400 4050 ἀπιέναι.

381 4197 402 4258 *)
416 4191 454 4246 cf.
474 4191 579 4254 Lersch,
599 4191 868 4260 Sprachphilosophia
886 4190 932 4246 der
949 4191 1029 4245 Alton
1047 4190 1097 4260 111,
1115 4195 1146 4248 61
1165 4206 1224 4260 sqq.
