3098 4874
1241 371 1279 431 13

296 576 406 659 Neque
427 579 536 639 tamen
559 569 655 636 credo
677 569 882 652 Apollonium
904 591 1013 636 omnes
1030 571 1253 636 Aristarcheas
1270 591 1323 636 ex·

193 678 384 762 plicationes
408 697 448 741 ex
469 674 549 757 ipsis
571 672 752 736 Aristarchi
774 671 865 736 libris
887 676 1069 754 sumpsisse.
1112 673 1248 738 Etiamsi
1269 693 1323 738 vo·

193 780 314 858 luisset,
338 799 404 844 non
429 776 595 859 potuisset.
628 773 708 855 Ejus
725 773 809 838 enim
825 778 931 839 aetate
948 775 1167 838 commentarii
1184 775 1324 839 Aristar·

195 881 247 946 chi
265 881 336 963 jam
358 879 499 943 rariores
518 875 595 940 facti
617 880 710 939 erant
731 895 832 957 neqve
855 875 996 939 omnium
1012 875 1160 940 manibus
1176 877 1324 941 tereban-

194 989 258 1046 tur.
303 981 375 1045 Hoc
404 980 473 1062 jam
506 999 524 1042 e
556 977 681 1041 ratione
708 977 815 1058 operis
841 976 1033 1041 Aristonicei
1063 967 1170 1060 colligi
1196 978 1324 1059 poterit.

195 1083 280 1146 Nam
307 1083 334 1146 si
361 1082 458 1146 etiam
485 1084 561 1144 tune
588 1079 743 1160 temporis
772 1079 806 1142 hi
833 1078 1054 1143 commentarii
1075 1079 1123 1142 ita'
1144 1079 1326 1160 frequentes

196 1184 338 1260 fuissent,
372 1190 409 1245 ut
441 1202 494 1246 eos
528 1179 589 1245 sibi
628 1180 727 1263 qvivis
756 1199 875 1261 parare
903 1185 1022 1262 posset,
1052 1199 1326 1263 supervacaneum

195 1305 272 1350 sane
309 1303 390 1366 opus
429 1283 630 1346 Aristonicus
670 1283 872 1363 suscepisset.
924 1279 1004 1357 Quid
1035 1282 1119 1346 enim
1151 1301 1232 1364 opus
1259 1287 1329 1346 erat

194 1407 265 1450 eum
299 1385 464 1468 signorum
501 1385 686 1448 criticorum
719 1384 860 1446 rationes
888 1403 1063 1465 causasque
1091 1382 1217 1460 afferre,
1246 1404 1326 1466 qvae

194 1509 234 1553 ex
266 1487 448 1551 Aristarchi
483 1486 612 1567 scriptis
636 1487 706 1568 jam
734 1485 813 1548 satis
840 1489 936 1548 notae
965 1485 1093 1549 essent?
1120 1485 1222 1550 Immo
1251 1506 1326 1561 vero

194 1594 274 1672 puto
307 1589 524 1653 Aristonicum
558 1607 693 1670 operose
721 1585 944 1668 laborioseqve
972 1607 990 1650 e
1017 1586 1191 1650 multorum
1218 1587 1327 1650 multis

195 1711 297 1772 neqve
324 1690 427 1754 solum
456 1710 496 1754 ex
517 1688 697 1753 Aristarchi
721 1689 958 1752 commentariis
979 1687 1076 1771 hujus
1098 1687 1328 1771 explicationes

196 1791 373 1874 collegisse,
401 1791 541 1872 undique
568 1790 774 1872 excerpsisse.
820 1789 924 1872 Saepe
950 1791 1034 1856 inter
1057 1791 1230 1872 discipulos
1253 1811 1327 1855 eon-

196 1893 296 1958 tentio
330 1898 411 1970 erat,
443 1898 518 1956 utra
546 1892 681 1957 duarum
708 1891 888 1975 pluriumve
915 1891 1089 1956 lectionum
1117 1892 1229 1957 fuisset
1255 1893 1328 1956 Ari-

196 1995 327 2074 starchi,
345 2000 421 2058 utra
444 1994 512 2077 ejus
536 1995 722 2076 explicati03
746 2015 785 2058 ac
806 1993 915 2058 variae
937 1999 969 2058 et
991 2014 1088 2076 saepe
1108 1995 1192 2058 inter
1215 2015 1248 2059 se
1266 1995 1329 2059 dis·

197 2101 365 2180 crepantes
393 2096 427 2159 in
455 2096 692 2160 commentariis
720 2095 951 2176 discipulorum
974 2093 1043 2178 ejus
1065 2095 1252 2159 ferebantur
1275 2116 1328 2160 ex-

195 2199 386 2282 plicationes
409 2203 442 2262 et
464 2198 650 2262 sententiae,
694 2197 906 2261 Luculentum
923 2197 1059 2279 praebet
1074 2197 1254 2280 exemplum
1270 2197 1329 2262 hu-

193 2300 337 2384 jusmodi
362 2299 508 2364 inscitiae
535 2297 585 2364 vel
613 2299 732 2363 erroris
758 2298 859 2362 Lehrs
889 2298 958 2384 (Ar.
988 2301 1042 2382 63)
1066 2298 1131 2363 soh.
1154 2299 1178 2361 Δ
1202 2303 1262 2362 117
1291 2300 1330 2366 de

196 2403 322 2489 ἀβλῆτα,
347 2423 407 2485 qvo
430 2402 464 2465 in
486 2401 676 2484 explicando
694 2401 895 2466 Aristonicus
912 2401 1058 2484 magistri
1075 2401 1330 2467 observationem

195 2505 340 2568 mutavit.
393 2503 503 2568 Simile
542 2503 692 2586 quiddam
727 2503 770 2567 ad
803 2503 934 2586 αἰγίοχος
967 2505 1053 2587 (cap.
1085 2502 1149 2588 ΠΙ)
1181 2503 1331 2568 observa·

194 2606 306 2671 vimus.
330 2642 372 2654 -

298 2704 374 2789 Ipse
413 2727 472 2771 sua
503 2727 602 2772 manu
635 2705 843 2770 Aristarchus
880 2705 1126 2772 commentarios
1164 2706 1331 2788 scripsisse

195 2809 308 2892 negari
330 2807 457 2891 quidem
479 2827 544 2872 non
566 2813 682 2890 potest.
696 2809 727 2891 *)
752 2807 975 2890 'Qvorum**)
999 2807 1062 2870 duo
1085 2806 1215 2870 luerunt
1237 2829 1331 2890 gene·

197 2931 244 2988 ra,
289 2931 388 2974 unum
433 2910 553 2990 ,minus
591 2909 858 2987 elaboratorum,“
899 2907 1129 2990 discipulorum
1166 2909 1200 2972 in
1237 2931 1331 2974 usum

198 3011 440 3090 destinatorum,
464 3011 601 3075 alterum
624 3010 857 3092 ,perfunctorie
888 3008 1144 3074 elaboratorum”
1175 3011 1227 3094 (τὰ
1253 3011 1333 3098 ἠκρι-

199 3113 328 3200 βωμένα,
360 3113 396 3176 τὰ
419 3112 600 3196 ἐξητασμένα
623 3114 728 3197 ὑπομν.
775 3112 892 3196 (Lehrs
913 3115 968 3175 Ar.
993 3115 1058 3196 22).
1102 3113 1145 3176 Hi
1167 3135 1242 3179 vero
1262 3116 1332 3200 jam

196 3216 326 3281 labente
355 3221 501 3297 tempore
528 3214 562 3278 in
584 3214 651 3279 dies
674 3214 814 3280 rariores
836 3219 929 3278 erant
951 3213 1119 3297 faoti,***l
1141 3217 1331 3298 praesertim

301 3423 326 3486 *)
341 3420 450 3476 snidas:
469 3421 563 3496 λέγεται
580 3419 672 3490 γράψαι
690 3417 750 3488 ὑπὲρ
768 3416 799 3470 ω’
816 3417 898 3488 βιβλία
915 3417 1106 3490 ὑπομνημάτων
1126 3419 1221 3489 μόνων.

301 3524 345 3592 **)
359 3525 466 3592 praeter
484 3523 516 3574 τὰ
533 3521 588 3574 κατ’
608 3519 791 3592 Ἀριστοφάνην
809 3519 988 3590 ὑπομνήματα.

301 3627 366 3692 m)
382 3623 423 3678 Cf.
440 3623 560 3678 Beccard
578 3639 601 3677 o.
620 3639 641 3677 c.
659 3639 686 3692 p.
705 3625 746 3680 69:
766 3622 896 3686 „dubium
914 3619 970 3677 esse
988 3625 1087 3692 potest,
1102 3625 1192 3676 utrum
1206 3623 1253 3676 ille
1268 3621 1333 3688 (He-

198 3709 336 3771 rodianus)
362 3709 448 3778 ipsam
471 3709 622 3762 Aristarchi
644 3709 822 3762 recensionem
845 3708 998 3778 inspexerit,
1022 3725 1056 3762 an
1079 3709 1137 3776 ejus
1155 3707 1283 3761 lectiones
1302 3725 1333 3762 ex

199 3794 307 3863 scriptis
324 3795 451 3864 petiverit
469 3795 710 3849 Aristarcheornm.
744 3795 852 3849 Etenim
876 3824 910 3836 -·
927 3825 961 3835 -
984 3795 1165 3857 inveniuntur,
1183 3792 1253 3848 unde
1275 3809 1334 3848 eam

204 3879 239 3934 ab
262 3878 415 3934 Herodiano
438 3895 491 3934 non
513 3880 662 3950 inspectam
683 3880 770 3950 possis
792 3883 896 3950 putare.
932 3879 1016 3947 Saepe
1038 3879 1108 3932 enim
1130 3878 1158 3932 in
1177 3879 1233 3948 ejus
1252 3881 1334 3936 adno·

199 3963 349 4018 tationibus
372 3965 606 4018 Aristarchearum
627 3965 772 4019 lectionum
794 3967 878 4018 testes
900 3963 1026 4016 laudatos
1048 3979 1106 4018 esse
1127 3965 1248 4034 legimus,
1268 3983 1333 4036 qvos

199 4065 254 4103 non
273 4049 371 4103 citatos
388 4065 446 4104 esse
464 4049 609 4113 arbitreris,
628 4051 652 4103 si
670 4051 756 4118 ipsam
773 4049 821 4104 ille
838 4048 963 4102 habuerit
980 4051 1158 4106 recensionem
1175 4053 1332 4107 Aristarchi.

200 4133 236 4204 (B
259 4137 311 4192 662
333 4135 346 4188 ὁ
370 4133 559 4207 Ἀσκαλωνίτης
580 4152 640 4207 φησι
654 4155 678 4188 α.
696 4154 719 4188 τ.
738 4135 775 4204 λ.)
794 4163 827 4174 -
844 4163 879 4174 -
897 4163 928 4174 -
947 4133 1047 4190 Tamen
1066 4153 1125 4192 oum
1143 4154 1245 4192 summa
1263 4137 1334 4208 apud

201 4221 389 4288 grammaticos
407 4222 503 4277 mineat
520 4221 670 4276 Aristarchi
684 4220 840 4289 auotoritas,
854 4219 941 4290 ipsam
954 4221 1011 4290 ejus
1024 4223 1202 4278 recensionem
1211 4223 1268 4292 jam
1281 4223 1323 4278 He
