3098 4874
1189 350 1228 412 19

145 533 307 617 pilaverit3
340 532 453 615 qvibus
482 531 627 614 eqvidem
658 531 762 624 dicam
788 551 840 595 me
866 551 930 596 non
959 531 1136 596 mordicum
1165 537 1274 597 tenere

145 637 229 702 hauc
255 635 455 700 sententiam.
485 633 616 697 Ceteros
639 631 774 714 quidem,
797 652 875 714 qvos
898 633 977 697 citat
998 638 1104 711 testes,
1127 654 1274 716 praeser-

145 739 203 802 tim
229 738 256 804 si
285 737 338 821 qvi
365 741 440 818 post
460 734 639 799 Aristarchi
654 738 793 798 aetatem
808 734 965 812 vixerunt,
982 735 1178 816 exipsorum
1197 736 1274 800 scri-

144 840 209 922 ptis
242 859 315 904 eum
350 836 544 920 cognovisse,
575 835 713 900 libenter
741 835 924 900 concedam.
970 835 1014 914 Si,
1037 835 1169 901 Lehrsio
1188 837 1275 918 judi-

144 946 249 1019 cante,
277 939 434 1023 Didymus
461 959 571 1004 eorum
598 938 750 1015 onmium,
778 958 856 1020 qvos
878 937 1007 1002 nomine
1030 938 1118 1016 citat,
1141 938 1210 1020 ipse
1231 939 1275 1003 le·

146 1047 240 1127 gerat
262 1041 393 1124 scripta,
417 1061 473 1104 eur
494 1060 559 1104 non
581 1039 666 1104 idem
683 1038 854 1122 Apollonio
870 1039 1035 1104 licuisset?
1058 1041 1109 1103 An
1128 1060 1203 1105 vero
1220 1039 1277 1106 illa

145 1143 425 1208 Aristarcheorum
448 1141 571 1224 scripta
592 1141 662 1224 ipse
683 1141 910 1206 Aristarcheus
932 1163 997 1206 non
1018 1142 1125 1224 potuit
1142 1141 1203 1206 sibi
1218 1163 1276 1224 pa·

146 1265 221 1310 rare
241 1264 301 1310 uec
324 1243 538 1326 cognoscere?
560 1242 663 1308 Immo
685 1242 749 1306 illis
772 1243 869 1308 etiam
891 1242 994 1308 multa
1015 1242 1090 1322 alia,
1109 1264 1190 1326 qvae
1208 1244 1276 1308 sine

145 1345 286 1412 auctoris
313 1345 440 1412 nomine
467 1365 554 1408 nunc
579 1343 740 1426 leguntur,
770 1364 842 1407 eum
871 1343 988 1408 debere
1015 1349 1103 1426 puto
1127 1344 1171 1429 (v.
1195 1365 1221 1409 c.
1246 1345 1277 1408 ἄ-

144 1451 273 1534 φλαστον
296 1445 519 1528 Apollodoro).
566 1444 594 1508 Ε
632 1464 822 1526 qvamqvam
844 1443 878 1506 hi
893 1445 1094 1526 grammatici
1108 1450 1276 1526 praestan-

144 1555 194 1616 tes
223 1571 243 1614 a
270 1547 390 1612 nullius
413 1546 550 1610 arbitrio
573 1545 750 1627 pendentes
773 1551 803 1609 et
827 1546 917 1627 qvasi
939 1566 997 1610 suo
1019 1545 1124 1610 Marte
1146 1547 1179 1610 in
1201 1567 1277 1630 poe-

145 1650 188 1713 tis
212 1648 410 1730 explicandis
431 1653 463 1712 et
485 1653 554 1712 arte
577 1647 788 1730 grammatica
805 1647 977 1713 tractanda
992 1655 1213 1734 perrexerunt,
1229 1653 1278 1714 ta-

146 1771 230 1830 men,
259 1772 331 1815 cum
358 1771 398 1814 ex
424 1753 530 1814 mente
557 1748 746 1832 ingenioqve
773 1748 920 1830 magistri
949 1748 1147 1814 celeberrimi
1170 1750 1278 1816 studia

147 1851 298 1930 colerent,
326 1851 367 1916 ab
395 1871 433 1915 eo
460 1850 612 1915 inchoata
639 1849 850 1928 absolventes,
880 1850 948 1932 ejus
970 1851 1092 1932 placita
1113 1851 1277 1917 illustran-

145 1960 204 2032 tes,
227 1957 259 2018 et
281 1953 332 2017 via
354 1951 395 2018 ab
419 1972 456 2018 eo
472 1958 586 2035 aperta
600 1951 881 2034 progrederentur,
897 1952 1012 2018 horum
1028 1974 1151 2036 qvoqve
1166 1975 1184 2018 e
1200 1955 1278 2018 scri-

145 2055 210 2138 ptis
231 2053 421 2137 Apollonius
443 2054 624 2118 Aristarchi
645 2054 930 2140 interpretationes
950 2054 1038 2118 haud
1054 2075 1187 2136 paucas,
1204 2055 1277 2136 plus

145 2157 288 2222 minusve
309 2156 462 2238 integras,
484 2154 576 2220 nobis
599 2154 770 2220 tradidisse
793 2154 926 2220 videtur.
960 2155 1159 2220 Aristarchei
1171 2153 1278 2220 autem

145 2262 276 2340 praeter
312 2256 479 2339 Apionem‚
516 2256 572 2340 (de
605 2277 665 2338 qvo
693 2256 764 2339 jam
796 2260 920 2340 supra),
953 2257 987 2320 hi
1015 2256 1056 2322 ab
1091 2257 1146 2323 illo
1180 2263 1278 2324 testes

146 2360 302 2424 citantur:

263 2465 291 2523 1.
335 2459 603 2540 Apollodorus
642 2460 846 2526 Atheniensis
885 2461 1065 2546 (quinquies
1101 2461 1276 2548 laudatus).

145 2562 220 2626 Fuit
241 2562 325 2627 inter
346 2561 468 2645 primos
490 2563 723 2640 Aristarcheos‚
748 2567 883 2627 exeunte
903 2563 1031 2628 saeculo
1054 2562 1163 2627 aOhr.
1180 2586 1211 2628 n.
1229 2585 1278 2630 se-

146 2665 251 2730 cundo
273 2665 361 2729 vixit.
405 2663 526 2730 Multos
549 2665 707 2730 devariis
729 2665 826 2730 rebus
848 2665 948 2730 libros
972 2665 1160 2746 composuit.
1195 2665 1277 2749 Ege-

145 2771 222 2832 rrmt
254 2766 338 2831 enim
371 2766 405 2830 hi
439 2765 478 2832 de
505 2766 601 2841 rebus
629 2767 790 2831 historicis
819 2772 851 2831 et
878 2766 1102 2850 geographicis
1131 2769 1277 2850 (χρονικοί,

146 2875 201 2954 γῆς
229 2870 387 2953 περίοδος),
417 2868 456 2932 de
477 2867 702 2952 mythologicis
725 2869 926 2954 (βιβλιοθήκῃ,
949 2869 1016 2950 περὶ
1037 2867 1142 2950 θεῶν),
1166 2868 1278 2934 arche·

147 2970 280 3054 ologicis
309 2976 396 3052 (νεῶν
423 2972 610 3054 κατάλογος);
633 2970 704 3034 aliis
726 2971 760 3033 in
782 2970 874 3034 libris
897 2968 1064 3034 historiam
1085 2967 1277 3034 litterariam

147 3072 264 3156 attigit.
307 3073 356 3136 De
377 3073 474 3137 rebus
497 3072 715 3156 grammaticis
738 3070 922 3137 atrocibus
945 3071 1143 3154 explicandis
1160 3072 1277 3155 agebat

146 3177 180 3240 in
201 3175 292 3240 libris
314 3177 380 3260 περὶ
402 3175 598 3260 ἐτυμολογιῶν
623 3181 655 3238 et
669 3178 807 3257 γλῶσσαι,
825 3173 972 3256 equibus
990 3195 1070 3256 qvae
1086 3175 1276 3257 Apollonius

146 3275 242 3343 affert
274 3279 377 3361 petita
404 3299 473 3344 esse
500 3277 658 3341 videntur.
705 3277 757 3359 (V.
788 3275 875 3339 Suid.
905 3297 930 3342 s.
953 3299 980 3340 v.
1004 3275 1075 3340 Ἀτι.
1099 3275 1223 3358 Sengeb
1247 3297 1275 3342 0.

148 3401 174 3445 c.
197 3381 213 3444 I
237 3385 274 3444 31
301 3401 348 3463 sq.
371 3379 473 3463 Pauly
494 3378 722 3462 Realencycl.).
766 3379 917 3443 Fortasse
940 3400 980 3444 ex
1001 3380 1051 3443 his
1067 3379 1145 3461 ipsis
1162 3379 1276 3462 glossis

147 3483 245 3548 etiam
268 3482 335 3548 alia
357 3487 485 3564 sumpta
507 3486 591 3560 sunt,
608 3501 689 3562 qvae
705 3480 800 3544 hodie
815 3480 883 3544 sine
899 3481 967 3562 ejus
982 3481 1110 3546 nomine
1124 3481 1157 3545 in
1174 3481 1276 3547 lexico

146 3584 296 3670 leguntur
320 3587 361 3669 (v.
385 3584 557 3669 ἄφλαστον).

251 3691 280 3750 2.
324 3686 560 3766 Apolloniae
587 3686 602 3748 b
630 3691 693 3748 τοῦ
720 3685 896 3772 Χοίριδος,
919 3692 1033 3752 auctor
1056 3686 1276 3751 commentarii

146 3789 181 3852 in
203 3787 378 3852 Homerum
401 3789 522 3870 scripti,
547 3808 586 3852 ex
608 3809 669 3871 qvo
692 3789 827 3870 quaein
850 3789 911 3851 lex.
935 3808 960 3851 s.
983 3789 1066 3853 ὦπος
1086 3783 1275 3868 afferuntur,

149 3889 189 3954 de
216 3889 380 3954 nominum
409 3889 608 3973 qvorundam
637 3896 772 3954 accentu
799 3895 908 3973 agunt.
954 3887 1001 3950 cf.
1029 3887 1131 3952 Lehrs
1158 3889 1214 3952 Ar.
1242 3911 1275 3972 p.

149 3995 212 4056 267
245 4013 315 4074 sqq.
360 3991 488 4057 Vixisse
517 3997 651 4074 putatur·
679 3993 808 4056 ineunte
834 3989 963 4054 saeculo
991 3989 1097 4070 primo
1126 4011 1154 4054 a.
1202 3992 1276 4057 Chr.

14 4158 21 4176 ,
147 4116 179 4158 n.
213 4095 256 4178 (v.
290 4093 370 4160 Real
402 4093 538 4177 encyol.)
582 4093 680 4158 Pater
706 4095 774 4174 ejus
803 4093 900 4156 fuisse
928 4091 1053 4158 videtur
1079 4093 1107 4157 is
1136 4094 1277 4174 Chaeris,

149 4197 240 4280 cujus
258 4196 486 4262 commentario
503 4194 675 4280 Didymum
691 4215 784 4260 usum
801 4215 869 4260 esse
886 4195 996 4262 Lehrs.
1014 4195 1060 4261 ait
1072 4196 1115 4280 (o.
1129 4217 1155 4260 c.
1168 4218 1198 4280 p.
1211 4200 1277 4276 26).
