<?xml version="1.0" encoding="UTF-8"?>
<!DOCTYPE html PUBLIC "-//W3C//DTD XHTML 1.0 Transitional//EN"
    "http://www.w3.org/TR/xhtml1/DTD/xhtml1-transitional.dtd">
<html xmlns="http://www.w3.org/1999/xhtml" xml:lang="en" lang="en">
 <head>
  <title>
</title>
<meta http-equiv="Content-Type" content="text/html;charset=utf-8" />
  <meta name='ocr-system' content='tesseract 3.04.00' />
  <meta name='ocr-capabilities' content='ocr_page ocr_carea ocr_par ocr_line ocrx_word'/>
</head>
<body>
  <div class='ocr_page' id='page_1' title='image "./dearistarcholex00forsgoog_0051.png"; bbox 0 0 3098 4874; ppageno 0'>
   <div class='ocr_carea' id='block_1_1' title="bbox 369 345 411 405">
    <p class='ocr_par' dir='ltr' id='par_1_1' title="bbox 369 345 411 405">
     <span class='ocr_line' id='line_1_1' title="bbox 369 345 411 405; baseline 0 0"><span class='ocrx_word' id='word_1_1' title='bbox 369 345 411 405; x_wconf 87' lang='lat'><strong>44</strong></span> 
     </span>
    </p>
   </div>
   <div class='ocr_carea' id='block_1_2' title="bbox 323 527 1445 804">
    <p class='ocr_par' dir='ltr' id='par_1_2' title="bbox 323 527 1445 804">
     <span class='ocr_line' id='line_1_2' title="bbox 426 527 1445 607; baseline -0.001 -15"><span class='ocrx_word' id='word_1_2' title='bbox 426 529 603 594; x_wconf 77' lang='grc' dir='ltr'><strong>πολύαινε.</strong></span> <span class='ocrx_word' id='word_1_3' title='bbox 648 527 737 607; x_wconf 80' lang='lat' dir='ltr'><strong>Qvod</strong></span> <span class='ocrx_word' id='word_1_4' title='bbox 759 551 832 594; x_wconf 88' lang='lat' dir='ltr'><strong>cum</strong></span> <span class='ocrx_word' id='word_1_5' title='bbox 853 531 908 594; x_wconf 88' lang='lat' dir='ltr'><strong>Ar.</strong></span> <span class='ocrx_word' id='word_1_6' title='bbox 932 529 1110 595; x_wconf 88' lang='lat' dir='ltr'><strong>observarit</strong></span> <span class='ocrx_word' id='word_1_7' title='bbox 1133 549 1201 594; x_wconf 86' lang='lat' dir='ltr'><strong>esse</strong></span> <span class='ocrx_word' id='word_1_8' title='bbox 1223 530 1334 592; x_wconf 81' lang='grc' dir='ltr'><strong>πολλοῦ</strong></span> <span class='ocrx_word' id='word_1_9' title='bbox 1358 527 1445 592; x_wconf 81' lang='grc' dir='ltr'><strong>ἐπαί-</strong></span> 
     </span>
     <span class='ocr_line' id='line_1_3' title="bbox 323 628 1444 718; baseline 0 -22"><span class='ocrx_word' id='word_1_10' title='bbox 323 655 374 696; x_wconf 87' lang='grc' dir='ltr'><strong>νου</strong></span> <span class='ocrx_word' id='word_1_11' title='bbox 397 631 466 709; x_wconf 75' lang='grc' dir='ltr'><strong>ἄίιε,</strong></span> <span class='ocrx_word' id='word_1_12' title='bbox 488 653 552 698; x_wconf 91' lang='lat' dir='ltr'><strong>non</strong></span> <span class='ocrx_word' id='word_1_13' title='bbox 573 628 737 718; x_wconf 84' lang='grc' dir='ltr'><strong>τολῦμοθε,</strong></span> <span class='ocrx_word' id='word_1_14' title='bbox 758 632 900 714; x_wconf 87' lang='lat' dir='ltr'><strong>seqvitur</strong></span> <span class='ocrx_word' id='word_1_15' title='bbox 922 637 958 696; x_wconf 90' lang='lat' dir='ltr'><strong>ut</strong></span> <span class='ocrx_word' id='word_1_16' title='bbox 975 631 1082 715; x_wconf 78' lang='lat' dir='ltr'>glossa</span> <span class='ocrx_word' id='word_1_17' title='bbox 1097 631 1191 696; x_wconf 83' lang='lat' dir='ltr'><strong>lexici</strong></span> <span class='ocrx_word' id='word_1_18' title='bbox 1208 632 1255 714; x_wconf 91' lang='lat' dir='ltr'><strong>(p.</strong></span> <span class='ocrx_word' id='word_1_19' title='bbox 1275 633 1328 714; x_wconf 88' lang='lat'><strong>14)</strong></span> <span class='ocrx_word' id='word_1_20' title='bbox 1345 629 1444 700; x_wconf 86' lang='grc' dir='ltr'><strong>αίνος;</strong></span> 
     </span>
     <span class='ocr_line' id='line_1_4' title="bbox 323 735 1127 804; baseline -0.002 -4"><span class='ocrx_word' id='word_1_21' title='bbox 323 770 364 784; x_wconf 84' lang='grc'><strong>-</strong></span> <span class='ocrx_word' id='word_1_22' title='bbox 387 773 427 784; x_wconf 89' lang='lat'><strong>·-</strong></span> <span class='ocrx_word' id='word_1_23' title='bbox 450 735 564 804; x_wconf 84' lang='grc' dir='ltr'><strong>ἔπαινος</strong></span> <span class='ocrx_word' id='word_1_24' title='bbox 585 759 611 799; x_wconf 89' lang='grc' dir='ltr'><strong>κ.</strong></span> <span class='ocrx_word' id='word_1_25' title='bbox 635 759 659 798; x_wconf 90' lang='grc' dir='ltr'><strong>τ.</strong></span> <span class='ocrx_word' id='word_1_26' title='bbox 682 739 709 798; x_wconf 94' lang='grc' dir='ltr'><strong>λ.</strong></span> <span class='ocrx_word' id='word_1_27' title='bbox 733 735 828 801; x_wconf 85' lang='lat' dir='ltr'><strong>etiam</strong></span> <span class='ocrx_word' id='word_1_28' title='bbox 850 735 1055 800; x_wconf 83' lang='lat' dir='ltr'><strong>Aristarchea</strong></span> <span class='ocrx_word' id='word_1_29' title='bbox 1076 735 1127 800; x_wconf 86' lang='lat' dir='ltr'><strong>sit.</strong></span> 
     </span>
    </p>
   </div>
   <div class='ocr_carea' id='block_1_3' title="bbox 243 865 1444 3015">
    <p class='ocr_par' dir='ltr' id='par_1_3' title="bbox 243 865 1444 3015">
     <span class='ocr_line' id='line_1_5' title="bbox 422 865 1444 959; baseline 0 -23"><span class='ocrx_word' id='word_1_30' title='bbox 422 871 559 942; x_wconf 81' lang='grc' dir='ltr'><strong>Σίντιες</strong></span> <span class='ocrx_word' id='word_1_31' title='bbox 586 874 662 959; x_wconf 82' lang='grc' dir='ltr'><strong>φημὶ</strong></span> <span class='ocrx_word' id='word_1_32' title='bbox 688 873 762 956; x_wconf 92' lang='lat' dir='ltr'><strong>(hoc</strong></span> <span class='ocrx_word' id='word_1_33' title='bbox 788 897 819 958; x_wconf 85' lang='grc' dir='ltr'><strong>φ.</strong></span> <span class='ocrx_word' id='word_1_34' title='bbox 842 875 953 954; x_wconf 90' lang='lat' dir='ltr'><strong>utpote</strong></span> <span class='ocrx_word' id='word_1_35' title='bbox 975 891 1069 936; x_wconf 89' lang='lat' dir='ltr'><strong>sensu</strong></span> <span class='ocrx_word' id='word_1_36' title='bbox 1091 891 1203 936; x_wconf 87' lang='lat' dir='ltr'><strong>carens</strong></span> <span class='ocrx_word' id='word_1_37' title='bbox 1226 869 1329 954; x_wconf 81' lang='lat' dir='ltr'>deleo)</span> <span class='ocrx_word' id='word_1_38' title='bbox 1348 865 1444 954; x_wconf 87' lang='grc' dir='ltr'><strong>Ὅμη-</strong></span> 
     </span>
     <span class='ocr_line' id='line_1_6' title="bbox 321 975 1443 1062; baseline -0.002 -22"><span class='ocrx_word' id='word_1_39' title='bbox 321 999 371 1062; x_wconf 87' lang='grc' dir='ltr'><strong>ρος</strong></span> <span class='ocrx_word' id='word_1_40' title='bbox 398 978 528 1062; x_wconf 80' lang='grc' dir='ltr'><strong>φαίνεται</strong></span> <span class='ocrx_word' id='word_1_41' title='bbox 557 976 649 1059; x_wconf 73' lang='grc' dir='ltr'><strong>λέγων</strong></span> <span class='ocrx_word' id='word_1_42' title='bbox 677 975 783 1060; x_wconf 84' lang='grc' dir='ltr'><strong>ἄνδρας</strong></span> <span class='ocrx_word' id='word_1_43' title='bbox 810 975 886 1043; x_wconf 81' lang='grc' dir='ltr'><strong>τινὰς</strong></span> <span class='ocrx_word' id='word_1_44' title='bbox 912 975 1041 1050; x_wconf 83' lang='grc' dir='ltr'><strong>ἐθνικῶς,</strong></span> <span class='ocrx_word' id='word_1_45' title='bbox 1068 975 1119 1058; x_wconf 81' lang='grc' dir='ltr'><strong>τὴν</strong></span> <span class='ocrx_word' id='word_1_46' title='bbox 1147 976 1264 1060; x_wconf 79' lang='grc' dir='ltr'><strong>Λῆμνον</strong></span> <span class='ocrx_word' id='word_1_47' title='bbox 1288 975 1443 1044; x_wconf 80' lang='grc' dir='ltr'><strong>οἰκοῦντας</strong></span> 
     </span>
     <span class='ocr_line' id='line_1_7' title="bbox 318 1075 1442 1163; baseline -0.002 -20"><span class='ocrx_word' id='word_1_48' title='bbox 318 1077 348 1143; x_wconf 86' lang='lat' dir='ltr'><strong>A</strong></span> <span class='ocrx_word' id='word_1_49' title='bbox 375 1081 437 1142; x_wconf 83' lang='lat'><strong>594</strong></span> <span class='ocrx_word' id='word_1_50' title='bbox 464 1079 490 1144; x_wconf 73' lang='lat' dir='ltr'><strong>&lt;it</strong></span> <span class='ocrx_word' id='word_1_51' title='bbox 517 1079 538 1140; x_wconf 89' lang='grc' dir='ltr'><strong>θ</strong></span> <span class='ocrx_word' id='word_1_52' title='bbox 565 1082 636 1142; x_wconf 81' lang='lat'>294.</span> <span class='ocrx_word' id='word_1_53' title='bbox 664 1077 757 1146; x_wconf 78' lang='grc' dir='ltr'><strong>οὕτως</strong></span> <span class='ocrx_word' id='word_1_54' title='bbox 779 1078 812 1141; x_wconf 78' lang='grc' dir='ltr'><strong>δὲ</strong></span> <span class='ocrx_word' id='word_1_55' title='bbox 833 1079 881 1141; x_wconf 85' lang='grc' dir='ltr'><strong>καὶ</strong></span> <span class='ocrx_word' id='word_1_56' title='bbox 902 1076 1101 1163; x_wconf 83' lang='grc' dir='ltr'><strong>Ἀρίσταρχος.</strong></span> <span class='ocrx_word' id='word_1_57' title='bbox 1147 1075 1189 1160; x_wconf 82' lang='grc' dir='ltr'><strong>(Ε</strong></span> <span class='ocrx_word' id='word_1_58' title='bbox 1212 1076 1324 1159; x_wconf 83' lang='lat' dir='ltr'><strong>qvibus</strong></span> <span class='ocrx_word' id='word_1_59' title='bbox 1345 1083 1442 1159; x_wconf 82' lang='lat' dir='ltr'><strong>patet</strong></span> 
     </span>
     <span class='ocr_line' id='line_1_8' title="bbox 318 1179 1438 1264; baseline -0.001 -19"><span class='ocrx_word' id='word_1_60' title='bbox 318 1181 589 1264; x_wconf 83' lang='lat' dir='ltr'><strong>lexicographum,</strong></span> <span class='ocrx_word' id='word_1_61' title='bbox 617 1203 711 1264; x_wconf 88' lang='lat' dir='ltr'><strong>qvam</strong></span> <span class='ocrx_word' id='word_1_62' title='bbox 737 1181 806 1263; x_wconf 91' lang='lat' dir='ltr'><strong>ipse</strong></span> <span class='ocrx_word' id='word_1_63' title='bbox 828 1181 888 1246; x_wconf 87' lang='lat' dir='ltr'><strong>sibi</strong></span> <span class='ocrx_word' id='word_1_64' title='bbox 910 1181 1059 1259; x_wconf 86' lang='lat' dir='ltr'><strong>vindicat,</strong></span> <span class='ocrx_word' id='word_1_65' title='bbox 1083 1179 1272 1244; x_wconf 74' lang='lat' dir='ltr'><strong>sententiam</strong></span> <span class='ocrx_word' id='word_1_66' title='bbox 1294 1179 1438 1244; x_wconf 86' lang='lat' dir='ltr'><strong>Aristar-</strong></span> 
     </span>
     <span class='ocr_line' id='line_1_9' title="bbox 318 1281 1440 1368; baseline 0.001 -22"><span class='ocrx_word' id='word_1_67' title='bbox 318 1283 378 1348; x_wconf 88' lang='lat' dir='ltr'><strong>cho</strong></span> <span class='ocrx_word' id='word_1_68' title='bbox 405 1283 546 1368; x_wconf 89' lang='lat' dir='ltr'><strong>debere).</strong></span> <span class='ocrx_word' id='word_1_69' title='bbox 590 1283 762 1365; x_wconf 87' lang='lat' dir='ltr'><strong>Excipiunt</strong></span> <span class='ocrx_word' id='word_1_70' title='bbox 789 1283 921 1366; x_wconf 81' lang='lat' dir='ltr'><strong>Apionis</strong></span> <span class='ocrx_word' id='word_1_71' title='bbox 949 1283 1042 1348; x_wconf 89' lang='lat' dir='ltr'><strong>haec:</strong></span> <span class='ocrx_word' id='word_1_72' title='bbox 1073 1281 1181 1350; x_wconf 83' lang='grc' dir='ltr'><strong>Σίντιες</strong></span> <span class='ocrx_word' id='word_1_73' title='bbox 1208 1283 1235 1344; x_wconf 88' lang='grc' dir='ltr'><strong>οί</strong></span> <span class='ocrx_word' id='word_1_74' title='bbox 1261 1282 1351 1344; x_wconf 87' lang='grc' dir='ltr'><strong>σίνται</strong></span> <span class='ocrx_word' id='word_1_75' title='bbox 1374 1283 1440 1365; x_wconf 90' lang='lat' dir='ltr'><strong>(sic</strong></span> 
     </span>
     <span class='ocr_line' id='line_1_10' title="bbox 316 1383 1435 1470; baseline -0.002 -20"><span class='ocrx_word' id='word_1_76' title='bbox 316 1383 414 1450; x_wconf 84' lang='lat' dir='ltr'><strong>Bekk.</strong></span> <span class='ocrx_word' id='word_1_77' title='bbox 442 1407 502 1469; x_wconf 90' lang='lat' dir='ltr'><strong>pro</strong></span> <span class='ocrx_word' id='word_1_78' title='bbox 529 1386 669 1470; x_wconf 67' lang='grc' dir='ltr'><strong>σινωταῦ,</strong></span> <span class='ocrx_word' id='word_1_79' title='bbox 696 1389 852 1470; x_wconf 75' lang='grc' dir='ltr'><strong>κακοῦργοι</strong></span> <span class='ocrx_word' id='word_1_80' title='bbox 878 1386 946 1449; x_wconf 79' lang='grc' dir='ltr'><strong>ὅθεν</strong></span> <span class='ocrx_word' id='word_1_81' title='bbox 974 1386 1022 1448; x_wconf 88' lang='grc' dir='ltr'><strong>καὶ</strong></span> <span class='ocrx_word' id='word_1_82' title='bbox 1048 1385 1063 1448; x_wconf 83' lang='grc' dir='ltr'>ὁ</span> <span class='ocrx_word' id='word_1_83' title='bbox 1090 1384 1165 1449; x_wconf 84' lang='grc' dir='ltr'><strong>λέων</strong></span> <span class='ocrx_word' id='word_1_84' title='bbox 1193 1387 1288 1468; x_wconf 83' lang='grc' dir='ltr'><strong>σίντης</strong></span> <span class='ocrx_word' id='word_1_85' title='bbox 1309 1385 1435 1468; x_wconf 81' lang='grc' dir='ltr'><strong>λέγεται.</strong></span> 
     </span>
     <span class='ocr_line' id='line_1_11' title="bbox 316 1487 1437 1574; baseline -0.002 -22"><span class='ocrx_word' id='word_1_86' title='bbox 316 1487 380 1554; x_wconf 86' lang='lat' dir='ltr'><strong>Sed</strong></span> <span class='ocrx_word' id='word_1_87' title='bbox 402 1511 481 1574; x_wconf 86' lang='lat' dir='ltr'><strong>qvae</strong></span> <span class='ocrx_word' id='word_1_88' title='bbox 504 1488 616 1555; x_wconf 86' lang='lat' dir='ltr'><strong>deinde</strong></span> <span class='ocrx_word' id='word_1_89' title='bbox 638 1489 799 1554; x_wconf 85' lang='lat' dir='ltr'><strong>adduntur</strong></span> <span class='ocrx_word' id='word_1_90' title='bbox 820 1490 892 1557; x_wconf 78' lang='grc' dir='ltr'><strong>τινὲς</strong></span> <span class='ocrx_word' id='word_1_91' title='bbox 913 1489 946 1552; x_wconf 79' lang='grc' dir='ltr'><strong>δὲ</strong></span> <span class='ocrx_word' id='word_1_92' title='bbox 967 1489 1034 1556; x_wconf 81' lang='grc' dir='ltr'><strong>τοὺς</strong></span> <span class='ocrx_word' id='word_1_93' title='bbox 1056 1489 1085 1550; x_wconf 88' lang='grc' dir='ltr'><strong>ἐν</strong></span> <span class='ocrx_word' id='word_1_94' title='bbox 1102 1487 1213 1574; x_wconf 80' lang='grc' dir='ltr'><strong>Λήμνῳ</strong></span> <span class='ocrx_word' id='word_1_95' title='bbox 1230 1491 1437 1556; x_wconf 83' lang='grc' dir='ltr'><strong>κατοικοῦντας</strong></span> 
     </span>
     <span class='ocr_line' id='line_1_12' title="bbox 316 1591 1429 1676; baseline 0.003 -24"><span class='ocrx_word' id='word_1_96' title='bbox 316 1637 323 1652; x_wconf 97' lang='grc'><strong>.</strong></span> <span class='ocrx_word' id='word_1_97' title='bbox 353 1641 361 1656; x_wconf 91' lang='grc'><strong>.</strong></span> <span class='ocrx_word' id='word_1_98' title='bbox 394 1591 506 1676; x_wconf 89' lang='lat' dir='ltr'><strong>qvibus</strong></span> <span class='ocrx_word' id='word_1_99' title='bbox 540 1593 633 1658; x_wconf 89' lang='lat' dir='ltr'><strong>modo</strong></span> <span class='ocrx_word' id='word_1_100' title='bbox 662 1592 748 1657; x_wconf 91' lang='lat' dir='ltr'><strong>dicta</strong></span> <span class='ocrx_word' id='word_1_101' title='bbox 775 1593 881 1676; x_wconf 91' lang='lat' dir='ltr'><strong>inepte</strong></span> <span class='ocrx_word' id='word_1_102' title='bbox 908 1596 1103 1674; x_wconf 80' lang='lat' dir='ltr'><strong>repetantur,</strong></span> <span class='ocrx_word' id='word_1_103' title='bbox 1131 1596 1242 1672; x_wconf 89' lang='lat' dir='ltr'><strong>utpote</strong></span> <span class='ocrx_word' id='word_1_104' title='bbox 1269 1598 1429 1672; x_wconf 86' lang='lat' dir='ltr'><strong>corrupta,</strong></span> 
     </span>
     <span class='ocr_line' id='line_1_13' title="bbox 315 1692 1432 1778; baseline 0 -20"><span class='ocrx_word' id='word_1_105' title='bbox 315 1699 394 1758; x_wconf 88' lang='lat' dir='ltr'><strong>sunt.</strong></span> <span class='ocrx_word' id='word_1_106' title='bbox 415 1695 615 1760; x_wconf 86' lang='lat' dir='ltr'><strong>removenda.</strong></span> <span class='ocrx_word' id='word_1_107' title='bbox 658 1695 738 1759; x_wconf 87' lang='lat' dir='ltr'><strong>Tum</strong></span> <span class='ocrx_word' id='word_1_108' title='bbox 764 1695 895 1778; x_wconf 86' lang='lat' dir='ltr'><strong>Apionis</strong></span> <span class='ocrx_word' id='word_1_109' title='bbox 922 1694 1216 1776; x_wconf 85' lang='lat' dir='ltr'><strong>interpretationem</strong></span> <span class='ocrx_word' id='word_1_110' title='bbox 1242 1692 1432 1776; x_wconf 90' lang='lat' dir='ltr'><strong>Apollonius</strong></span> 
     </span>
     <span class='ocr_line' id='line_1_14' title="bbox 313 1795 1431 1880; baseline 0.002 -21"><span class='ocrx_word' id='word_1_111' title='bbox 313 1795 439 1876; x_wconf 89' lang='lat' dir='ltr'><strong>refellit,</strong></span> <span class='ocrx_word' id='word_1_112' title='bbox 467 1819 531 1862; x_wconf 93' lang='lat' dir='ltr'><strong>non</strong></span> <span class='ocrx_word' id='word_1_113' title='bbox 557 1819 631 1862; x_wconf 91' lang='lat' dir='ltr'><strong>vero</strong></span> <span class='ocrx_word' id='word_1_114' title='bbox 664 1798 729 1862; x_wconf 90' lang='lat' dir='ltr'><strong>suis</strong></span> <span class='ocrx_word' id='word_1_115' title='bbox 757 1797 961 1880; x_wconf 84' lang='lat' dir='ltr'><strong>argumentis,</strong></span> <span class='ocrx_word' id='word_1_116' title='bbox 989 1796 1045 1862; x_wconf 84' lang='lat' dir='ltr'><strong>sed</strong></span> <span class='ocrx_word' id='word_1_117' title='bbox 1072 1797 1251 1861; x_wconf 82' lang='lat' dir='ltr'><strong>Aristarchi</strong></span> <span class='ocrx_word' id='word_1_118' title='bbox 1279 1795 1431 1878; x_wconf 80' lang='lat' dir='ltr'><strong>observa-</strong></span> 
     </span>
     <span class='ocr_line' id='line_1_15' title="bbox 314 1898 1431 1984; baseline 0.001 -22"><span class='ocrx_word' id='word_1_119' title='bbox 314 1898 400 1964; x_wconf 90' lang='lat' dir='ltr'><strong>tione</strong></span> <span class='ocrx_word' id='word_1_120' title='bbox 431 1905 617 1984; x_wconf 86' lang='lat' dir='ltr'><strong>argumentc</strong></span> <span class='ocrx_word' id='word_1_121' title='bbox 644 1922 730 1965; x_wconf 87' lang='lat' dir='ltr'><strong>usus.</strong></span> <span class='ocrx_word' id='word_1_122' title='bbox 774 1900 835 1964; x_wconf 88' lang='lat' dir='ltr'><strong>Hic</strong></span> <span class='ocrx_word' id='word_1_123' title='bbox 860 1899 893 1963; x_wconf 90' lang='lat' dir='ltr'><strong>id</strong></span> <span class='ocrx_word' id='word_1_124' title='bbox 919 1899 1093 1982; x_wconf 90' lang='lat' dir='ltr'><strong>prudenter</strong></span> <span class='ocrx_word' id='word_1_125' title='bbox 1120 1898 1204 1978; x_wconf 89' lang='lat' dir='ltr'><strong>fecit,</strong></span> <span class='ocrx_word' id='word_1_126' title='bbox 1233 1899 1326 1981; x_wconf 88' lang='lat' dir='ltr'><strong>qvod,</strong></span> <span class='ocrx_word' id='word_1_127' title='bbox 1357 1920 1431 1964; x_wconf 87' lang='lat' dir='ltr'><strong>curn</strong></span> 
     </span>
     <span class='ocr_line' id='line_1_16' title="bbox 243 2000 1430 2088; baseline -0.002 -21"><span class='ocrx_word' id='word_1_128' title='bbox 243 2005 245 2009; x_wconf 83' lang='grc'><strong>’</strong></span> <span class='ocrx_word' id='word_1_129' title='bbox 312 2001 354 2067; x_wconf 86' lang='lat' dir='ltr'><strong>ab</strong></span> <span class='ocrx_word' id='word_1_130' title='bbox 386 2003 635 2088; x_wconf 85' lang='lat' dir='ltr'><strong>etymologorum</strong></span> <span class='ocrx_word' id='word_1_131' title='bbox 667 2003 759 2086; x_wconf 84' lang='lat' dir='ltr'><strong>nugis</strong></span> <span class='ocrx_word' id='word_1_132' title='bbox 793 2002 976 2086; x_wconf 78' lang='lat' dir='ltr'><strong>plerumque</strong></span> <span class='ocrx_word' id='word_1_133' title='bbox 1004 2001 1185 2080; x_wconf 82' lang='lat' dir='ltr'><strong>abstineret,</strong></span> <span class='ocrx_word' id='word_1_134' title='bbox 1215 2000 1430 2066; x_wconf 90' lang='lat' dir='ltr'><strong>barbararum</strong></span> 
     </span>
     <span class='ocr_line' id='line_1_17' title="bbox 311 2104 1429 2190; baseline 0 -20"><span class='ocrx_word' id='word_1_135' title='bbox 311 2107 452 2190; x_wconf 85' lang='lat' dir='ltr'><strong>gentium</strong></span> <span class='ocrx_word' id='word_1_136' title='bbox 479 2109 608 2172; x_wconf 90' lang='lat' dir='ltr'><strong>nomina</strong></span> <span class='ocrx_word' id='word_1_137' title='bbox 634 2127 654 2172; x_wconf 88' lang='lat' dir='ltr'><strong>a</strong></span> <span class='ocrx_word' id='word_1_138' title='bbox 681 2128 797 2190; x_wconf 84' lang='lat' dir='ltr'><strong>graeca</strong></span> <span class='ocrx_word' id='word_1_139' title='bbox 823 2107 933 2189; x_wconf 88' lang='lat' dir='ltr'><strong>lingua</strong></span> <span class='ocrx_word' id='word_1_140' title='bbox 959 2127 1023 2171; x_wconf 90' lang='lat' dir='ltr'><strong>non</strong></span> <span class='ocrx_word' id='word_1_141' title='bbox 1051 2105 1196 2170; x_wconf 89' lang='lat' dir='ltr'><strong>ducebat.</strong></span> <span class='ocrx_word' id='word_1_142' title='bbox 1241 2104 1342 2182; x_wconf 81' lang='lat' dir='ltr'><strong>Qvare</strong></span> <span class='ocrx_word' id='word_1_143' title='bbox 1370 2125 1429 2170; x_wconf 86' lang='lat' dir='ltr'><strong>no-</strong></span> 
     </span>
     <span class='ocr_line' id='line_1_18' title="bbox 310 2209 1429 2294; baseline 0.001 -22"><span class='ocrx_word' id='word_1_144' title='bbox 310 2231 382 2274; x_wconf 88' lang='lat' dir='ltr'><strong>men</strong></span> <span class='ocrx_word' id='word_1_145' title='bbox 415 2209 522 2278; x_wconf 84' lang='grc' dir='ltr'><strong>Σίντιες</strong></span> <span class='ocrx_word' id='word_1_146' title='bbox 554 2209 627 2293; x_wconf 89' lang='lat' dir='ltr'><strong>qvid</strong></span> <span class='ocrx_word' id='word_1_147' title='bbox 659 2209 861 2294; x_wconf 85' lang='lat' dir='ltr'><strong>significaret,</strong></span> <span class='ocrx_word' id='word_1_148' title='bbox 893 2210 1021 2274; x_wconf 91' lang='lat' dir='ltr'><strong>minime</strong></span> <span class='ocrx_word' id='word_1_149' title='bbox 1054 2209 1176 2272; x_wconf 88' lang='lat' dir='ltr'><strong>curavit</strong></span> <span class='ocrx_word' id='word_1_150' title='bbox 1203 2227 1362 2291; x_wconf 73' lang='lat' dir='ltr'><strong>quaerere,</strong></span> <span class='ocrx_word' id='word_1_151' title='bbox 1392 2209 1429 2274; x_wconf 91' lang='lat' dir='ltr'><strong>id</strong></span> 
     </span>
     <span class='ocr_line' id='line_1_19' title="bbox 310 2310 1428 2394; baseline 0.001 -19"><span class='ocrx_word' id='word_1_152' title='bbox 310 2312 388 2376; x_wconf 90' lang='lat' dir='ltr'><strong>satis</strong></span> <span class='ocrx_word' id='word_1_153' title='bbox 414 2312 535 2376; x_wconf 89' lang='lat' dir='ltr'><strong>habens</strong></span> <span class='ocrx_word' id='word_1_154' title='bbox 564 2312 677 2391; x_wconf 89' lang='lat' dir='ltr'><strong>dicere,</strong></span> <span class='ocrx_word' id='word_1_155' title='bbox 706 2313 767 2377; x_wconf 92' lang='lat' dir='ltr'><strong>hoc</strong></span> <span class='ocrx_word' id='word_1_156' title='bbox 793 2334 857 2377; x_wconf 93' lang='lat' dir='ltr'><strong>non</strong></span> <span class='ocrx_word' id='word_1_157' title='bbox 880 2333 948 2376; x_wconf 91' lang='lat' dir='ltr'><strong>esse</strong></span> <span class='ocrx_word' id='word_1_158' title='bbox 970 2331 1083 2394; x_wconf 84' lang='lat' dir='ltr'><strong>graece</strong></span> <span class='ocrx_word' id='word_1_159' title='bbox 1105 2310 1302 2375; x_wconf 88' lang='lat' dir='ltr'><strong>reddendum</strong></span> <span class='ocrx_word' id='word_1_160' title='bbox 1324 2331 1428 2392; x_wconf 85' lang='lat' dir='ltr'><strong>neqve</strong></span> 
     </span>
     <span class='ocr_line' id='line_1_20' title="bbox 309 2413 1428 2500; baseline 0.001 -23"><span class='ocrx_word' id='word_1_161' title='bbox 309 2433 329 2477; x_wconf 90' lang='lat' dir='ltr'><strong>a</strong></span> <span class='ocrx_word' id='word_1_162' title='bbox 356 2435 473 2496; x_wconf 85' lang='lat' dir='ltr'><strong>graeca</strong></span> <span class='ocrx_word' id='word_1_163' title='bbox 498 2413 608 2497; x_wconf 83' lang='lat' dir='ltr'><strong>lingua</strong></span> <span class='ocrx_word' id='word_1_164' title='bbox 635 2415 823 2491; x_wconf 89' lang='lat' dir='ltr'><strong>ducendum,</strong></span> <span class='ocrx_word' id='word_1_165' title='bbox 852 2415 908 2478; x_wconf 90' lang='lat' dir='ltr'><strong>sed</strong></span> <span class='ocrx_word' id='word_1_166' title='bbox 935 2435 1003 2479; x_wconf 90' lang='lat' dir='ltr'><strong>esse</strong></span> <span class='ocrx_word' id='word_1_167' title='bbox 1030 2417 1120 2500; x_wconf 78' lang='grc' dir='ltr'><strong>ψιλῶς</strong></span> <span class='ocrx_word' id='word_1_168' title='bbox 1148 2413 1267 2478; x_wconf 91' lang='lat' dir='ltr'><strong>dictum</strong></span> <span class='ocrx_word' id='word_1_169' title='bbox 1297 2413 1428 2482; x_wconf 78' lang='grc' dir='ltr'><strong>ἐθνικῶς.</strong></span> 
     </span>
     <span class='ocr_line' id='line_1_21' title="bbox 309 2513 1427 2599; baseline 0.002 -20"><span class='ocrx_word' id='word_1_170' title='bbox 309 2513 374 2592; x_wconf 80' lang='lat' dir='ltr'><strong>Qvo</strong></span> <span class='ocrx_word' id='word_1_171' title='bbox 397 2515 505 2580; x_wconf 87' lang='lat' dir='ltr'><strong>eodem</strong></span> <span class='ocrx_word' id='word_1_172' title='bbox 529 2522 716 2599; x_wconf 84' lang='lat' dir='ltr'><strong>argumento</strong></span> <span class='ocrx_word' id='word_1_173' title='bbox 739 2537 815 2580; x_wconf 90' lang='lat' dir='ltr'><strong>usus</strong></span> <span class='ocrx_word' id='word_1_174' title='bbox 837 2515 1024 2598; x_wconf 88' lang='lat' dir='ltr'><strong>Apollonius</strong></span> <span class='ocrx_word' id='word_1_175' title='bbox 1040 2517 1195 2598; x_wconf 91' lang='lat' dir='ltr'><strong>Apionem</strong></span> <span class='ocrx_word' id='word_1_176' title='bbox 1211 2516 1427 2599; x_wconf 86' lang='lat' dir='ltr'><strong>impugnat.*)</strong></span> 
     </span>
     <span class='ocr_line' id='line_1_22' title="bbox 308 2617 1424 2702; baseline 0 -20"><span class='ocrx_word' id='word_1_177' title='bbox 308 2617 407 2696; x_wconf 78' lang='lat' dir='ltr'><strong>Qvam</strong></span> <span class='ocrx_word' id='word_1_178' title='bbox 428 2618 493 2684; x_wconf 88' lang='lat' dir='ltr'><strong>late</strong></span> <span class='ocrx_word' id='word_1_179' title='bbox 515 2625 622 2684; x_wconf 86' lang='lat' dir='ltr'><strong>autem</strong></span> <span class='ocrx_word' id='word_1_180' title='bbox 644 2619 696 2682; x_wconf 89' lang='lat' dir='ltr'><strong>hic</strong></span> <span class='ocrx_word' id='word_1_181' title='bbox 718 2639 808 2684; x_wconf 90' lang='lat' dir='ltr'><strong>error</strong></span> <span class='ocrx_word' id='word_1_182' title='bbox 828 2625 1026 2702; x_wconf 85' lang='lat' dir='ltr'><strong>propagatus</strong></span> <span class='ocrx_word' id='word_1_183' title='bbox 1048 2619 1154 2699; x_wconf 88' lang='lat' dir='ltr'><strong>fuerit,</strong></span> <span class='ocrx_word' id='word_1_184' title='bbox 1177 2620 1347 2684; x_wconf 75' lang='lat' dir='ltr'><strong>escheli}</strong></span> <span class='ocrx_word' id='word_1_185' title='bbox 1366 2623 1424 2684; x_wconf 84' lang='grc'><strong>294</strong></span> 
     </span>
     <span class='ocr_line' id='line_1_23' title="bbox 307 2720 1425 2807; baseline 0.004 -21"><span class='ocrx_word' id='word_1_186' title='bbox 307 2720 453 2786; x_wconf 88' lang='lat' dir='ltr'><strong>concludi</strong></span> <span class='ocrx_word' id='word_1_187' title='bbox 475 2728 595 2804; x_wconf 91' lang='lat' dir='ltr'><strong>potest:</strong></span> <span class='ocrx_word' id='word_1_188' title='bbox 619 2720 740 2806; x_wconf 77' lang='grc' dir='ltr'><strong>Θρᾳκῶν</strong></span> <span class='ocrx_word' id='word_1_189' title='bbox 763 2721 844 2806; x_wconf 77' lang='grc' dir='ltr'><strong>γένος</strong></span> <span class='ocrx_word' id='word_1_190' title='bbox 866 2722 893 2784; x_wconf 80' lang='grc' dir='ltr'><strong>οἱ</strong></span> <span class='ocrx_word' id='word_1_191' title='bbox 914 2721 1022 2789; x_wconf 81' lang='grc' dir='ltr'><strong>Σίντιες</strong></span> <span class='ocrx_word' id='word_1_192' title='bbox 1043 2759 1083 2768; x_wconf 89' lang='grc'><strong>-</strong></span> <span class='ocrx_word' id='word_1_193' title='bbox 1101 2721 1134 2784; x_wconf 93' lang='grc' dir='ltr'><strong>Τ.</strong></span> <span class='ocrx_word' id='word_1_194' title='bbox 1152 2722 1232 2807; x_wconf 83' lang='grc' dir='ltr'><strong>παρὰ</strong></span> <span class='ocrx_word' id='word_1_195' title='bbox 1248 2724 1280 2785; x_wconf 85' lang='grc' dir='ltr'><strong>τὸ</strong></span> <span class='ocrx_word' id='word_1_196' title='bbox 1297 2723 1425 2790; x_wconf 77' lang='grc' dir='ltr'><strong>σίνεσθαι</strong></span> 
     </span>
     <span class='ocr_line' id='line_1_24' title="bbox 305 2823 1424 2912; baseline 0.001 -24"><span class='ocrx_word' id='word_1_197' title='bbox 305 2849 353 2888; x_wconf 90' lang='grc' dir='ltr'><strong>και</strong></span> <span class='ocrx_word' id='word_1_198' title='bbox 384 2826 529 2911; x_wconf 77' lang='grc' dir='ltr'><strong>βλάπτειν,</strong></span> <span class='ocrx_word' id='word_1_199' title='bbox 560 2825 698 2911; x_wconf 79' lang='grc' dir='ltr'><strong>πειρατὰς</strong></span> <span class='ocrx_word' id='word_1_200' title='bbox 730 2823 814 2894; x_wconf 77' lang='grc' dir='ltr'><strong>ὄντας</strong></span> <span class='ocrx_word' id='word_1_201' title='bbox 854 2863 888 2874; x_wconf 90' lang='grc'>-</span> <span class='ocrx_word' id='word_1_202' title='bbox 920 2826 940 2910; x_wconf 82' lang='grc' dir='ltr'><strong>ἢ</strong></span> <span class='ocrx_word' id='word_1_203' title='bbox 976 2825 1019 2888; x_wconf 84' lang='grc' dir='ltr'><strong>ὅτι</strong></span> <span class='ocrx_word' id='word_1_204' title='bbox 1047 2827 1177 2888; x_wconf 81' lang='grc' dir='ltr'><strong>δοκοῦσιν</strong></span> <span class='ocrx_word' id='word_1_205' title='bbox 1199 2826 1281 2889; x_wconf 78' lang='grc' dir='ltr'><strong>αὐτοὶ</strong></span> <span class='ocrx_word' id='word_1_206' title='bbox 1309 2831 1424 2912; x_wconf 86' lang='grc' dir='ltr'><strong>πρῶτον</strong></span> 
     </span>
     <span class='ocr_line' id='line_1_25' title="bbox 306 2923 1426 3015; baseline 0.004 -26"><span class='ocrx_word' id='word_1_207' title='bbox 306 2927 517 3011; x_wconf 80' lang='grc' dir='ltr'><strong>ἐπινενοηκέναι</strong></span> <span class='ocrx_word' id='word_1_208' title='bbox 548 2929 583 2991; x_wconf 79' lang='grc' dir='ltr'><strong>τοί</strong></span> <span class='ocrx_word' id='word_1_209' title='bbox 615 2929 687 3013; x_wconf 82' lang='grc' dir='ltr'><strong>πρὸς</strong></span> <span class='ocrx_word' id='word_1_210' title='bbox 719 2927 845 3013; x_wconf 85' lang='grc' dir='ltr'><strong>πόλεμον</strong></span> <span class='ocrx_word' id='word_1_211' title='bbox 878 2927 962 2992; x_wconf 78' lang='grc' dir='ltr'><strong>ὅπλα.</strong></span> <span class='ocrx_word' id='word_1_212' title='bbox 1013 2923 1047 2991; x_wconf 84' lang='grc' dir='ltr'><strong>Ε.</strong></span> <span class='ocrx_word' id='word_1_213' title='bbox 1075 2923 1239 2996; x_wconf 77' lang='grc' dir='ltr'><strong>Ἑλλάθικος</strong></span> <span class='ocrx_word' id='word_1_214' title='bbox 1270 2926 1320 2992; x_wconf 86' lang='grc' dir='ltr'><strong>οῦν</strong></span> <span class='ocrx_word' id='word_1_215' title='bbox 1354 2949 1426 3015; x_wconf 82' lang='grc' dir='ltr'><strong>φησι</strong></span> 
     </span>
    </p>
   </div>
   <div class='ocr_carea' id='block_1_4' title="bbox 303 3029 1424 3212">
    <p class='ocr_par' dir='ltr' id='par_1_4' title="bbox 303 3029 1424 3212">
     <span class='ocr_line' id='line_1_26' title="bbox 305 3029 1424 3116; baseline 0.005 -25"><span class='ocrx_word' id='word_1_216' title='bbox 305 3029 472 3114; x_wconf 74' lang='grc' dir='ltr'><strong>μιξέλληνας</strong></span> <span class='ocrx_word' id='word_1_217' title='bbox 499 3031 570 3093; x_wconf 80' lang='grc' dir='ltr'><strong>εἶναι</strong></span> <span class='ocrx_word' id='word_1_218' title='bbox 597 3055 623 3094; x_wconf 90' lang='grc' dir='ltr'><strong>κ.</strong></span> <span class='ocrx_word' id='word_1_219' title='bbox 652 3033 815 3115; x_wconf 88' lang='grc' dir='ltr'><strong>πολεμικῶν</strong></span> <span class='ocrx_word' id='word_1_220' title='bbox 843 3031 940 3095; x_wconf 81' lang='grc' dir='ltr'><strong>ὅπλων</strong></span> <span class='ocrx_word' id='word_1_221' title='bbox 968 3034 1098 3116; x_wconf 87' lang='grc' dir='ltr'><strong>τεχνίτας</strong></span> <span class='ocrx_word' id='word_1_222' title='bbox 1126 3030 1161 3108; x_wconf 81' lang='lat' dir='ltr'><strong>Q.</strong></span> <span class='ocrx_word' id='word_1_223' title='bbox 1190 3031 1230 3094; x_wconf 91' lang='lat' dir='ltr'><strong>H.</strong></span> <span class='ocrx_word' id='word_1_224' title='bbox 1254 3031 1335 3096; x_wconf 91' lang='lat' dir='ltr'><strong>Item</strong></span> <span class='ocrx_word' id='word_1_225' title='bbox 1357 3031 1424 3098; x_wconf 84' lang='lat' dir='ltr'><strong>fere</strong></span> 
     </span>
     <span class='ocr_line' id='line_1_27' title="bbox 303 3131 559 3212; baseline -0.004 -17"><span class='ocrx_word' id='word_1_226' title='bbox 303 3131 354 3196; x_wconf 88' lang='lat' dir='ltr'><strong>Et.</strong></span> <span class='ocrx_word' id='word_1_227' title='bbox 377 3131 419 3196; x_wconf 89' lang='lat' dir='ltr'><strong>M.</strong></span> <span class='ocrx_word' id='word_1_228' title='bbox 443 3137 559 3212; x_wconf 81' lang='lat'><strong>713,43.</strong></span> 
     </span>
    </p>
   </div>
   <div class='ocr_carea' id='block_1_5' title="bbox 301 3253 1516 3552">
    <p class='ocr_par' dir='ltr' id='par_1_5' title="bbox 301 3253 1516 3552">
     <span class='ocr_line' id='line_1_28' title="bbox 404 3253 1416 3337; baseline 0 -19"><span class='ocrx_word' id='word_1_229' title='bbox 404 3258 548 3323; x_wconf 80' lang='grc' dir='ltr'><strong>σκῶλος.</strong></span> <span class='ocrx_word' id='word_1_230' title='bbox 593 3255 668 3320; x_wconf 80' lang='lat' dir='ltr'><strong>Lex,</strong></span> <span class='ocrx_word' id='word_1_231' title='bbox 696 3255 796 3320; x_wconf 90' lang='lat' dir='ltr'><strong>trinas</strong></span> <span class='ocrx_word' id='word_1_232' title='bbox 818 3253 952 3337; x_wconf 85' lang='lat' dir='ltr'><strong>praebet</strong></span> <span class='ocrx_word' id='word_1_233' title='bbox 973 3253 1217 3336; x_wconf 83' lang='lat' dir='ltr'><strong>explicationes:</strong></span> <span class='ocrx_word' id='word_1_234' title='bbox 1239 3253 1416 3336; x_wconf 84' lang='lat' dir='ltr'><strong>lexicogra-</strong></span> 
     </span>
     <span class='ocr_line' id='line_1_29' title="bbox 301 3356 1516 3444; baseline 0 -24"><span class='ocrx_word' id='word_1_235' title='bbox 301 3356 357 3438; x_wconf 93' lang='lat' dir='ltr'><strong>phi</strong></span> <span class='ocrx_word' id='word_1_236' title='bbox 383 3357 530 3444; x_wconf 82' lang='grc' dir='ltr'><strong>(σκόλοψ),</strong></span> <span class='ocrx_word' id='word_1_237' title='bbox 553 3358 700 3441; x_wconf 84' lang='lat' dir='ltr'><strong>Apionis3</strong></span> <span class='ocrx_word' id='word_1_238' title='bbox 728 3357 906 3424; x_wconf 84' lang='lat' dir='ltr'><strong>Aristarchi</strong></span> <span class='ocrx_word' id='word_1_239' title='bbox 928 3357 1079 3441; x_wconf 73' lang='grc' dir='ltr'><strong>,ἀκάνθης</strong></span> <span class='ocrx_word' id='word_1_240' title='bbox 1101 3379 1127 3419; x_wconf 92' lang='grc' dir='ltr'><strong>τι</strong></span> <span class='ocrx_word' id='word_1_241' title='bbox 1148 3356 1238 3440; x_wconf 77' lang='grc' dir='ltr'><strong>γένος·</strong></span> <span class='ocrx_word' id='word_1_242' title='bbox 1263 3357 1371 3424; x_wconf 83' lang='grc' dir='ltr'><strong>ταύτας</strong></span> <span class='ocrx_word' id='word_1_243' title='bbox 1392 3357 1419 3418; x_wconf 87' lang='grc' dir='ltr'><strong>δ’</strong></span> <span class='ocrx_word' id='word_1_244' title='bbox 1515 3389 1516 3420; x_wconf 69' lang='grc'>;</span> 
     </span>
     <span class='ocr_line' id='line_1_30' title="bbox 301 3459 1418 3552; baseline 0.002 -31"><span class='ocrx_word' id='word_1_245' title='bbox 301 3459 422 3523; x_wconf 76' lang='grc' dir='ltr'><strong>εἰώθασι</strong></span> <span class='ocrx_word' id='word_1_246' title='bbox 442 3465 629 3546; x_wconf 78' lang='grc' dir='ltr'><strong>τορτολείν.“</strong></span> <span class='ocrx_word' id='word_1_247' title='bbox 659 3461 746 3552; x_wconf 63' lang='lat' dir='ltr'><strong>ech.</strong></span> <span class='ocrx_word' id='word_1_248' title='bbox 769 3459 797 3526; x_wconf 94' lang='grc' dir='ltr'><strong>Ν</strong></span> <span class='ocrx_word' id='word_1_249' title='bbox 820 3465 881 3526; x_wconf 84' lang='grc'><strong>564</strong></span> <span class='ocrx_word' id='word_1_250' title='bbox 904 3462 1041 3526; x_wconf 91' lang='lat' dir='ltr'><strong>Ariston.</strong></span> <span class='ocrx_word' id='word_1_251' title='bbox 1060 3465 1184 3524; x_wconf 89' lang='lat' dir='ltr'><strong>tantum</strong></span> <span class='ocrx_word' id='word_1_252' title='bbox 1200 3465 1292 3524; x_wconf 88' lang='lat' dir='ltr'><strong>notat</strong></span> <span class='ocrx_word' id='word_1_253' title='bbox 1309 3479 1418 3524; x_wconf 90' lang='lat' dir='ltr'><strong>vocem</strong></span> 
     </span>
    </p>
   </div>
   <div class='ocr_carea' id='block_1_6' title="bbox 300 3561 1418 3752">
    <p class='ocr_par' dir='ltr' id='par_1_6' title="bbox 300 3561 1418 3752">
     <span class='ocr_line' id='line_1_31' title="bbox 300 3561 638 3629; baseline 0.003 -1"><span class='ocrx_word' id='word_1_254' title='bbox 300 3561 397 3628; x_wconf 89' lang='lat' dir='ltr'><strong>semel</strong></span> <span class='ocrx_word' id='word_1_255' title='bbox 420 3583 488 3628; x_wconf 90' lang='lat' dir='ltr'><strong>esse</strong></span> <span class='ocrx_word' id='word_1_256' title='bbox 511 3563 638 3629; x_wconf 89' lang='lat' dir='ltr'><strong>dictam.</strong></span> 
     </span>
     <span class='ocr_line' id='line_1_32' title="bbox 400 3663 1418 3752; baseline 0 -24"><span class='ocrx_word' id='word_1_257' title='bbox 400 3663 568 3750; x_wconf 86' lang='grc' dir='ltr'><strong>Σμινθεῦ.</strong></span> <span class='ocrx_word' id='word_1_258' title='bbox 612 3666 682 3732; x_wconf 88' lang='grc' dir='ltr'><strong>Ηοο</strong></span> <span class='ocrx_word' id='word_1_259' title='bbox 713 3667 869 3752; x_wconf 91' lang='lat' dir='ltr'><strong>Apollinis</strong></span> <span class='ocrx_word' id='word_1_260' title='bbox 903 3686 1076 3750; x_wconf 88' lang='lat' dir='ltr'><strong>cognomen</strong></span> <span class='ocrx_word' id='word_1_261' title='bbox 1108 3663 1152 3751; x_wconf 92' lang='lat' dir='ltr'><strong>(A</strong></span> <span class='ocrx_word' id='word_1_262' title='bbox 1180 3667 1234 3749; x_wconf 82' lang='lat'><strong>39)</strong></span> <span class='ocrx_word' id='word_1_263' title='bbox 1262 3663 1418 3748; x_wconf 81' lang='grc' dir='ltr'><strong>ασμίνθοι</strong></span> 
     </span>
    </p>
   </div>
   <div class='ocr_carea' id='block_1_7' title="bbox 298 3823 501 3834">
    <p class='ocr_par' dir='ltr' id='par_1_7' title="bbox 298 3823 501 3834">
     <span class='ocr_line' id='line_1_33' title="bbox 298 3823 501 3834; baseline 0.01 -2"><span class='ocrx_word' id='word_1_264' title='bbox 298 3823 501 3834; x_wconf 76' lang='lat'><em>-—--..-.—</em></span> 
     </span>
    </p>
   </div>
   <div class='ocr_carea' id='block_1_8' title="bbox 294 3886 1413 4308">
    <p class='ocr_par' dir='ltr' id='par_1_8' title="bbox 294 3886 1413 4308">
     <span class='ocr_line' id='line_1_34' title="bbox 398 3886 1412 3962; baseline -0.002 -18"><span class='ocrx_word' id='word_1_265' title='bbox 398 3891 427 3958; x_wconf 79' lang='lat'><strong>*)</strong></span> <span class='ocrx_word' id='word_1_266' title='bbox 442 3890 494 3944; x_wconf 87' lang='lat' dir='ltr'><strong>Sed</strong></span> <span class='ocrx_word' id='word_1_267' title='bbox 511 3892 649 3962; x_wconf 85' lang='lat' dir='ltr'><strong>Apollonii</strong></span> <span class='ocrx_word' id='word_1_268' title='bbox 666 3891 747 3946; x_wconf 83' lang='lat' dir='ltr'><strong>verba</strong></span> <span class='ocrx_word' id='word_1_269' title='bbox 764 3891 824 3962; x_wconf 82' lang='grc' dir='ltr'><strong>φαίη</strong></span> <span class='ocrx_word' id='word_1_270' title='bbox 843 3889 865 3944; x_wconf 81' lang='grc' dir='ltr'><strong>δ’</strong></span> <span class='ocrx_word' id='word_1_271' title='bbox 883 3892 913 3944; x_wconf 85' lang='grc' dir='ltr'><strong>ἄν</strong></span> <span class='ocrx_word' id='word_1_272' title='bbox 930 3909 966 3950; x_wconf 88' lang='grc' dir='ltr'><strong>τις</strong></span> <span class='ocrx_word' id='word_1_273' title='bbox 983 3891 1012 3944; x_wconf 87' lang='grc' dir='ltr'><strong>τὸ</strong></span> <span class='ocrx_word' id='word_1_274' title='bbox 1031 3890 1076 3960; x_wconf 82' lang='grc' dir='ltr'><strong>μὲν</strong></span> <span class='ocrx_word' id='word_1_275' title='bbox 1094 3889 1158 3942; x_wconf 81' lang='grc' dir='ltr'><strong>λέων</strong></span> <span class='ocrx_word' id='word_1_276' title='bbox 1171 3889 1253 3961; x_wconf 78' lang='grc' dir='ltr'><strong>σίντης</strong></span> <span class='ocrx_word' id='word_1_277' title='bbox 1266 3886 1412 3946; x_wconf 86' lang='grc' dir='ltr'><strong>ἐπιθετικῶς</strong></span> 
     </span>
     <span class='ocr_line' id='line_1_35' title="bbox 296 3973 1413 4050; baseline 0.004 -26"><span class='ocrx_word' id='word_1_278' title='bbox 296 3973 361 4042; x_wconf 85' lang='grc' dir='ltr'><strong>παρὰ</strong></span> <span class='ocrx_word' id='word_1_279' title='bbox 383 3974 412 4026; x_wconf 86' lang='grc' dir='ltr'><strong>τὸ</strong></span> <span class='ocrx_word' id='word_1_280' title='bbox 434 3975 546 4044; x_wconf 86' lang='grc' dir='ltr'><strong>σίνεσθαι,</strong></span> <span class='ocrx_word' id='word_1_281' title='bbox 569 3979 611 4030; x_wconf 80' lang='grc' dir='ltr'><strong>καί</strong></span> <span class='ocrx_word' id='word_1_282' title='bbox 633 3977 708 4030; x_wconf 85' lang='grc' dir='ltr'><strong>σίνται</strong></span> <span class='ocrx_word' id='word_1_283' title='bbox 728 3977 911 4049; x_wconf 79' lang='grc' dir='ltr'><strong>πληθυντικῶς,</strong></span> <span class='ocrx_word' id='word_1_284' title='bbox 934 3978 999 4050; x_wconf 81' lang='grc' dir='ltr'><strong>παρὰ</strong></span> <span class='ocrx_word' id='word_1_285' title='bbox 1016 3977 1045 4030; x_wconf 87' lang='grc' dir='ltr'><strong>τὸ</strong></span> <span class='ocrx_word' id='word_1_286' title='bbox 1064 3977 1187 4047; x_wconf 78' lang='grc' dir='ltr'><strong>βλάπτειν·</strong></span> <span class='ocrx_word' id='word_1_287' title='bbox 1206 3979 1275 4030; x_wconf 80' lang='lat' dir='ltr'><strong>certe</strong></span> <span class='ocrx_word' id='word_1_288' title='bbox 1292 3978 1356 4028; x_wconf 86' lang='lat' dir='ltr'><strong>sunt</strong></span> <span class='ocrx_word' id='word_1_289' title='bbox 1372 3975 1413 4028; x_wconf 78' lang='lat' dir='ltr'><strong>ita</strong></span> 
     </span>
     <span class='ocr_line' id='line_1_36' title="bbox 294 4060 1411 4135; baseline 0.004 -25"><span class='ocrx_word' id='word_1_290' title='bbox 294 4060 503 4128; x_wconf 78' lang='lat' dir='ltr'><strong>transponenda:</strong></span> <span class='ocrx_word' id='word_1_291' title='bbox 527 4064 587 4134; x_wconf 87' lang='grc' dir='ltr'><strong>φαίη</strong></span> <span class='ocrx_word' id='word_1_292' title='bbox 609 4093 642 4103; x_wconf 93' lang='grc'><strong>-</strong></span> <span class='ocrx_word' id='word_1_293' title='bbox 665 4093 698 4104; x_wconf 90' lang='grc'><strong>-</strong></span> <span class='ocrx_word' id='word_1_294' title='bbox 719 4095 752 4104; x_wconf 89' lang='grc'>-</span> <span class='ocrx_word' id='word_1_295' title='bbox 774 4065 856 4135; x_wconf 85' lang='grc' dir='ltr'><strong>σίντης</strong></span> <span class='ocrx_word' id='word_1_296' title='bbox 879 4064 1021 4122; x_wconf 79' lang='grc' dir='ltr'><strong>ἑπίθετικῶς</strong></span> <span class='ocrx_word' id='word_1_297' title='bbox 1043 4064 1085 4116; x_wconf 85' lang='grc' dir='ltr'><strong>καί</strong></span> <span class='ocrx_word' id='word_1_298' title='bbox 1106 4064 1188 4116; x_wconf 88' lang='grc' dir='ltr'><strong>σίνται</strong></span> <span class='ocrx_word' id='word_1_299' title='bbox 1204 4062 1280 4132; x_wconf 85' lang='grc' dir='ltr'><strong>πληθ.</strong></span> <span class='ocrx_word' id='word_1_300' title='bbox 1299 4063 1365 4134; x_wconf 81' lang='grc' dir='ltr'><strong>παρὰ</strong></span> <span class='ocrx_word' id='word_1_301' title='bbox 1381 4061 1411 4114; x_wconf 83' lang='grc' dir='ltr'><strong>τὸ</strong></span> 
     </span>
     <span class='ocr_line' id='line_1_37' title="bbox 295 4143 1409 4221; baseline 0.004 -26"><span class='ocrx_word' id='word_1_302' title='bbox 295 4143 401 4198; x_wconf 84' lang='grc' dir='ltr'><strong>σίνεσθαι</strong></span> <span class='ocrx_word' id='word_1_303' title='bbox 421 4145 496 4216; x_wconf 78' lang='grc' dir='ltr'><strong>ἤγουν</strong></span> <span class='ocrx_word' id='word_1_304' title='bbox 519 4147 567 4214; x_wconf 83' lang='lat' dir='ltr'><strong>(sic</strong></span> <span class='ocrx_word' id='word_1_305' title='bbox 583 4165 631 4218; x_wconf 86' lang='lat' dir='ltr'><strong>pro</strong></span> <span class='ocrx_word' id='word_1_306' title='bbox 648 4151 725 4220; x_wconf 76' lang='grc' dir='ltr'><strong>παρὰ)</strong></span> <span class='ocrx_word' id='word_1_307' title='bbox 742 4151 771 4203; x_wconf 85' lang='grc' dir='ltr'><strong>τὸ</strong></span> <span class='ocrx_word' id='word_1_308' title='bbox 794 4151 908 4220; x_wconf 83' lang='grc' dir='ltr'><strong>βλάπτειν</strong></span> <span class='ocrx_word' id='word_1_309' title='bbox 927 4179 960 4190; x_wconf 88' lang='grc'><strong>-</strong></span> <span class='ocrx_word' id='word_1_310' title='bbox 976 4149 1019 4202; x_wconf 83' lang='lat' dir='ltr'><strong>vel</strong></span> <span class='ocrx_word' id='word_1_311' title='bbox 1036 4149 1085 4202; x_wconf 70' lang='lat' dir='ltr'><strong>sic:</strong></span> <span class='ocrx_word' id='word_1_312' title='bbox 1105 4148 1166 4221; x_wconf 81' lang='grc' dir='ltr'><strong>φαίη</strong></span> <span class='ocrx_word' id='word_1_313' title='bbox 1185 4176 1220 4186; x_wconf 87' lang='lat'>-</span> <span class='ocrx_word' id='word_1_314' title='bbox 1238 4179 1268 4188; x_wconf 88' lang='lat'><em>-</em></span> <span class='ocrx_word' id='word_1_315' title='bbox 1287 4175 1320 4188; x_wconf 89' lang='grc'>-</span> <span class='ocrx_word' id='word_1_316' title='bbox 1337 4147 1409 4201; x_wconf 85' lang='grc' dir='ltr'><strong>π.τὸ</strong></span> 
     </span>
     <span class='ocr_line' id='line_1_38' title="bbox 295 4229 817 4308; baseline 0.011 -25"><span class='ocrx_word' id='word_1_317' title='bbox 295 4229 399 4285; x_wconf 86' lang='grc' dir='ltr'><strong>σίνεσθαι</strong></span> <span class='ocrx_word' id='word_1_318' title='bbox 416 4231 446 4284; x_wconf 82' lang='grc' dir='ltr'><strong>τὸ</strong></span> <span class='ocrx_word' id='word_1_319' title='bbox 464 4232 586 4302; x_wconf 83' lang='grc' dir='ltr'><strong>βλάπτειν,</strong></span> <span class='ocrx_word' id='word_1_320' title='bbox 605 4254 628 4287; x_wconf 89' lang='grc' dir='ltr'><strong>κ.</strong></span> <span class='ocrx_word' id='word_1_321' title='bbox 648 4237 724 4289; x_wconf 89' lang='grc' dir='ltr'><strong>σίνται</strong></span> <span class='ocrx_word' id='word_1_322' title='bbox 741 4235 817 4308; x_wconf 87' lang='grc' dir='ltr'><strong>πληθ.</strong></span> 
     </span>
    </p>
   </div>
   <div class='ocr_carea' id='block_1_9' title="bbox 0 0 1554 4874">
    <p class='ocr_par' dir='ltr' id='par_1_9' title="bbox 0 0 1554 4874">
     <span class='ocr_line' id='line_1_39' title="bbox 0 0 1554 4874; baseline 0 10"><span class='ocrx_word' id='word_1_323' title='bbox 0 0 1554 4874; x_wconf 95' lang='lat' dir='ltr'><strong> </strong></span> 
     </span>
    </p>
   </div>
  </div>
 </body>
</html>
