3098 4874
260 339 372 410 ,18

289 522 375 586 diota
403 541 469 585 una
499 541 571 586 oum
599 519 779 583 Aristarchi
807 519 1083 584 observationibus
1111 541 1150 585 ex
1172 521 1267 604 hujus
1290 523 1422 606 scriptis

289 623 494 705 excerpserit.
538 622 581 686 Et
614 621 698 704 qvod
725 620 878 686 Zenodoti
903 621 1076 686 lectionum
1104 621 1153 686 bis
1180 622 1258 687 facit
1285 627 1420 692 mentio·

288 746 361 798 nem
384 725 459 810 (sub
483 725 618 808 ἀγγελίην
642 745 670 788 v.
694 723 840 805 opusculi
863 724 964 788 nostri
987 745 1057 805 cap.
1081 723 1113 787 Π
1138 729 1169 789 et
1197 726 1324 810 φραδέος
1347 750 1417 812 cap.

286 827 327 912 1),
351 828 384 891 hi
407 827 469 909 ipsi
491 825 621 891 articuli
643 845 717 888 cum
739 823 868 889 scholiis
891 825 1000 890 collati
1023 825 1192 891 manifesto
1208 827 1362 906 indicant,
1379 851 1419 895 ex

287 929 467 994 Aristarchi
483 928 676 993 auctoritate
694 926 893 991 Zenodotum
910 928 1012 992 citari.
1036 927 1100 992 Pro
1113 929 1201 995 certo
1218 929 1317 1012 igitur
1331 932 1418 996 affir-

286 1033 368 1096 mari
396 1036 512 1114 potest,
541 1029 748 1112 Apollonium
776 1050 949 1111 numquam
976 1029 1062 1094 illius
1085 1033 1286 1113 grammatici
1308 1055 1416 1100 recen-

285 1135 407 1198 sionem
434 1132 559 1196 vidisse.
572 1133 604 1213 *)
632 1130 691 1195 His
718 1131 815 1195 etiam
843 1132 963 1196 socium
994 1132 1168 1216 adjungam
1199 1132 1354 1199 Grotetem
1380 1137 1416 1200 il-

284 1234 351 1298 lum
374 1233 548 1310 Mallotem,
572 1252 664 1314 qvem
688 1237 737 1297 ter
759 1237 868 1298 noster
890 1233 1043 1297 nominat.
1079 1233 1158 1298 Cum
1175 1235 1258 1298 enim
1273 1236 1327 1300 hic
1342 1259 1415 1303 nus-

286 1357 381 1420 quam
410 1335 526 1400 citetur
548 1335 610 1398 nisi
632 1333 696 1399 alia
719 1335 867 1417 opposita
889 1335 1055 1414 sententia,
1079 1356 1159 1418 qvae
1182 1357 1206 1400 s.
1230 1359 1257 1398 v.
1282 1336 1413 1424 ἄμμορον

286 1459 355 1504 esse
389 1438 523 1515 videtur,
559 1459 584 1501 s.
618 1459 665 1502 vv.
700 1437 843 1522 ἀπριάτην
878 1439 920 1520 (v.
954 1459 1024 1520 cap.
1053 1436 1101 1521 II)
1128 1442 1160 1501 et
1187 1441 1291 1522 πλωτῇ
1321 1445 1360 1522 (ο.
1381 1441 1410 1523 l)

287 1547 372 1606 certe
406 1546 455 1606 est
485 1540 704 1617 Aristarchea,
740 1560 812 1604 cum
840 1539 936 1604 etiam
966 1539 1166 1604 considerem
1191 1541 1409 1606 Aristarchum

286 1644 455 1710 adversum
494 1643 666 1719 Cratetem,
708 1641 874 1723 aeqvalem
907 1663 1010 1720 suum,
1045 1641 1201 1706 acerrime
1235 1643 1412 1725 disputasse

284 1765 419 1826 eumqve
446 1743 555 1807 multis
583 1742 679 1825 diplis
706 1751 835 1808 notasse
864 1748 904 1827 (v.
934 1743 1070 1826 Sengeb.
1099 1743 1125 1821 I,
1149 1745 1215 1830 59),
1238 1766 1275 1809 eo
1297 1747 1414 1826 procli-

283 1847 352 1912 vior
380 1867 460 1921 sum,
488 1850 524 1908 ut
552 1845 648 1909 etiam
677 1845 827 1910 Cratetea
848 1846 929 1910 haec
951 1866 991 1910 ex
1013 1845 1124 1910 eodem
1148 1845 1235 1910 fonte
1257 1847 1413 1928 primario

284 1949 317 2013 in
349 1948 475 2012 lexicon
502 1947 742 2028 promanavisse
769 1953 889 2029 putem.
936 1948 1083 2012 Ceterum
1112 1946 1196 2029 qvod
1224 1947 1257 2011 C.
1286 1969 1414 2012 versum

284 2050 308 2114 Σ
331 2054 393 2114 489
418 2050 457 2134 (s.
481 2047 630 2133 ἄμμορον)
654 2049 826 2113 mutavisse
850 2048 977 2126 dicitur,
1000 2069 1040 2112 ne
1063 2055 1161 2130 poeta
1186 2049 1224 2113 de
1248 2049 1366 2114 Orione
1382 2057 1414 2116 et

283 2153 383 2218 stellis
406 2151 481 2234 qvid
503 2151 659 2215 erravisse
681 2150 853 2228 videretur,
877 2151 938 2215 hoc
960 2156 993 2215 et
1008 2171 1088 2232 qvae
1104 2170 1144 2214 ex
1159 2150 1215 2215 illo
1231 2150 1290 2216 sub
1307 2155 1411 2235 πλωτῇ
1518 2167 1521 2172 “

286 2255 479 2330 afferuntur,
501 2253 609 2317 nescio
633 2273 674 2317 an
698 2253 768 2335 ejus
790 2273 862 2317 enm
877 2253 1005 2336 ingenio
1021 2258 1053 2316 et
1068 2253 1300 2334 interpretandi
1315 2255 1412 2318 ratio-

283 2357 378 2420 nibus
410 2355 491 2419 bene
519 2354 712 2435 conspirent.
755 2354 804 2418 De
832 2354 945 2436 qvibus
973 2353 1194 2437 Sengebusch:
1224 2355 1320 2437 „Dein
1347 2355 1412 2420 Ho-

284 2479 407 2524 merum
430 2457 542 2522 Crates
564 2456 742 2538 perfectam
767 2457 908 2520 omnium
931 2455 1171 2539 disciplinarum
1194 2458 1344 2524 habuisse
1360 2478 1412 2522 oo·

283 2562 457 2644 gnitionem
491 2559 614 2636 statuit,
649 2559 746 2622 etiam
780 2559 1006 2635 astronomiae,
1034 2559 1285 2636 mathematices,
1314 2559 1411 2623 medi·

284 2664 384 2744 cinae,
408 2662 487 2727 situs
511 2666 605 2744 atqve
628 2664 764 2723 naturae
786 2665 948 2723 terrarum
962 2696 1005 2706 -
1022 2681 1099 2724 —a
1118 2660 1256 2726 Graecia
1273 2669 1409 2727 remota-

285 2787 368 2844 rum,
404 2764 534 2842 Oceani,
568 2762 676 2840 maris,
710 2799 750 2810 -
783 2799 824 2809 —-
854 2767 911 2809 -—“
941 2761 979 2846 (l,
1004 2763 1069 2845 60).
1114 2763 1240 2828 Sueten.
1265 2764 1303 2829 de
1327 2764 1409 2828 Clar.

286 2867 395 2932 Gram.
420 2866 545 2931 Suidas,

384 2985 470 3048 Num
498 2984 547 3047 his
577 2983 711 3064 denique
736 2981 910 3045 Coroneum
932 2981 1148 3063 adnumerem,
1172 2985 1293 3050 dubito.
1338 2985 1410 3049 vid.

283 3109 364 3170 qvae
387 3087 446 3150 sub
470 3087 622 3170 σομφερτή
647 3106 717 3166 cap.
741 3083 757 3147 I
781 3083 856 3146 dixi.

386 3205 448 3270 Sed
476 3225 598 3280 vereor,
621 3223 661 3266 ne
684 3203 752 3284 qvis
776 3222 827 3266 me
848 3203 1074 3284 reprehendat,
1098 3205 1181 3287 qvod
1203 3206 1409 3286 Apollonium

281 3331 387 3374 meum
409 3307 571 3372 hominem
593 3303 739 3368 finxerim
761 3305 795 3367 in
810 3304 926 3369 litteris
941 3326 1057 3387 parum
1071 3311 1242 3382 versatum,
1261 3305 1311 3386 qvi
1329 3325 1408 3386 pau·

281 3433 335 3476 eos
362 3412 431 3492 ipse
458 3406 635 3489 inspexerit
655 3405 755 3470 libros
778 3411 810 3470 et
832 3406 1013 3470 Aristarchi
1035 3411 1160 3469 tantum
1183 3405 1300 3468 scrinia
1323 3426 1408 3468 com-

279 3546 485 3560 ...-...-.-—

382 3614 406 3679 *)
420 3608 548 3664 Lehrsins
570 3607 641 3660 inter
662 3607 793 3661 editiones
811 3607 910 3659 multas
930 3623 946 3659 a
963 3606 1077 3674 Didymo
1095 3607 1230 3672 inspectos
1250 3607 1276 3655 et
1295 3619 1405 3670 usurpa-

278 3705 321 3754 tas
343 3695 472 3753 Zenodoti
495 3708 595 3761 qvoqve
616 3692 795 3744 recensionem
818 3693 949 3744 memorat
970 3690 1006 3758 (o.
1030 3706 1051 3742 c.
1075 3707 1102 3757 p.
1120 3692 1173 3753 25).
1209 3686 1327 3740 Beccerd
1344 3702 1406 3739 vero

278 3786 347 3838 hanc
369 3779 529 3836 sententiam
551 3777 718 3844 impugnans,
741 3774 880 3827 contendit
897 3791 946 3826 nec
963 3772 1107 3841 Didymnm
1125 3787 1208 3839 neqve
1225 3770 1406 3824 Aristonicum

275 3869 394 3938 jamdum
412 3866 511 3920 vidisse
529 3861 658 3917 Zenodoti
675 3861 863 3922 recensionem,
883 3876 913 3913 no
930 3876 990 3912 mor
1009 3857 1098 3912 addit:
1122 3855 1305 3924 „Legebantur
1323 3854 1407 3908 Zeno-

279 3953 336 4006 doti
353 3952 482 4004 lectiones
499 3950 527 4002 in
545 3945 695 4001 Aristarchi
713 3945 918 4014 commentariis,
937 3945 964 3998 in
982 3943 1054 3997 libro
1073 3940 1211 4012 Apollonii
1229 3939 1329 3993 Rhodii
1347 3938 1406 3991 adv.

278 4035 374 4094 Zenod.
393 4035 501 4102 scripte,
519 4034 547 4086 in
565 4032 643 4086 libris
661 4030 810 4101 Tryphonis
828 4032 881 4102 περὶ
898 4035 943 4101 τῆς
961 4030 1064 4100 ἀρχαίας
1083 4027 1254 4097 ἀναγνώσεως,
1272 4024 1407 4078 Ammonii

278 4127 331 4196 περὶ
357 4125 402 4191 τῆς
429 4118 602 4188 §assistrices
628 4117 793 4188 διορθώσεως,
820 4116 943 4185 Dionysii
966 4114 1076 4168 Thracis
1102 4115 1156 4172 περὶ
1182 4119 1235 4163 τῶν
1257 4111 1406 4179 reuertens

277 4212 343 4264 etc.“
380 4214 419 4274 (p.
437 4207 490 4266 52).
