3098 4874
1215 377 1255 437 29

171 561 225 626 alii
242 565 369 637 autem,
397 559 539 624 admissa
565 557 727 639 particula
755 583 796 630 τε,
824 559 923 624 verba
950 559 1039 644 ἀβίων
1068 565 1100 624 et
1127 561 1180 622 δικ
1204 559 1301 623 simul

171 683 242 726 cum
269 663 430 745 ίππημολγ.
454 665 487 724 et
508 663 649 744 γλακτοφ.
673 662 880 742 praecedenti
903 661 1041 744 Ἀγαύων
1065 661 1222 726 attributa
1244 661 1300 725 ad-

163 763 354 848 jungebant.
413 763 565 828 Lectione
598 762 662 826 alia
696 763 794 827 aliam
826 761 896 826 fieri
929 765 1120 828 sententiam
1153 767 1299 845 apparet.

169 865 365 949 (Aristarchi
386 863 475 928 illam
497 863 594 928 fuisse
616 863 785 928 lectionem
808 865 903 928 ctiam
926 865 1053 948 Didym.
1077 869 1213 928 testatur
1234 864 1300 928 sch.

169 967 199 1032 N
234 971 279 1052 6).
324 968 410 1030 Num
447 987 521 1030 vero
553 966 634 1030 haec
660 965 872 1049 etymologica
900 967 920 1050 ἤ
949 971 990 1034 ὡς
1018 967 1136 1034 δικαίως
1164 966 1301 1050 βιούντων

168 1068 245 1132 κατὰ
267 1069 399 1154 στέρησιν
423 1066 485 1151 βίας
507 1069 528 1153 ἤ
551 1068 599 1130 τδν
622 1067 782 1153 ὡρισμένον
806 1069 866 1153 βίον
890 1067 943 1131 οὐκ
965 1068 1105 1152 ἐχόντων,
1128 1089 1209 1149 qvae
1231 1068 1302 1131 Ari-

170 1171 291 1236 starchi
314 1170 559 1252 explicationem
581 1190 657 1234 mox
679 1169 854 1250 excipiunt,
878 1170 975 1234 etiam
997 1169 1045 1232 illi
1068 1169 1224 1251 originem
1248 1168 1301 1232 de·

169 1273 275 1349 beant,
308 1271 425 1338 nescio.
469 1271 619 1336 Forsitan
652 1270 693 1335 ab
725 1271 796 1352 ipso
823 1270 994 1353 Apollonio
1022 1271 1085 1335 sint
1112 1274 1302 1347 commenta,

169 1375 221 1458 qvi
244 1373 380 1457 qvidem,
405 1373 652 1455 explicationem
674 1374 819 1456 κακοβίων
837 1372 1084 1454 reprehendens,
1102 1373 1161 1436 ait:
1180 1371 1302 1454 εύλογον

168 1477 202 1540 δὲ
228 1477 357 1544 δικαίους
386 1475 528 1558 ὑπάρχειν
552 1474 620 1541 τοὺς
642 1473 811 1541 τοιούτους·
836 1475 878 1542 οἷς
900 1474 954 1558 γὰρ
978 1476 1166 1542 πολυτελείας
1187 1499 1214 1536 κ.
1238 1498 1303 1558 τρυ-

170 1584 230 1663 φῆς
257 1577 292 1640 ού
320 1576 446 1662 φροντίς,
475 1575 586 1642 τούτοις
613 1575 682 1638 οὐδὲ
701 1575 860 1644 ’πλεονεξία
889 1601 915 1638 κ.
940 1599 964 1638 τ.
988 1579 1014 1638 λ.
1039 1575 1162 1640 Similia
1183 1575 1235 1639 Et.
1258 1575 1301 1638 Μ.

172 1682 245 1756 232,
274 1682 325 1742 46.
370 1677 509 1742 Possunt
536 1681 642 1740 tamen
670 1677 750 1740 haec
778 1678 875 1741 etiam
902 1679 1081 1742 Aristarchi
1111 1698 1189 1754 esse,
1213 1677 1304 1760 cujus

170 1779 300 1844 lectioni
322 1779 403 1843 bene
426 1779 624 1843 conveniant.
670 1777 756 1854 Qvae
780 1778 894 1844 deinde
916 1780 1079 1862 excipiunt
1100 1779 1183 1844 aliae
1205 1781 1303 1844 inter-

169 1883 377 1965 pretationes,
406 1881 519 1958 altera,
543 1900 639 1962 qvam
663 1879 738 1958 dixi,
761 1880 897 1945 lectione
920 1882 1024 1959 nixae,
1047 1903 1085 1946 eo
1107 1887 1233 1946 tantum
1255 1881 1303 1943 in-

169 1989 220 2048 ter
247 2003 282 2048 se
308 1981 470 2060 differunt,
493 1981 578 2046 unde
601 1982 643 2044 sit
665 2002 727 2045 vox
750 1982 839 2066 ἀβίων
864 1983 1047 2047 derivanda.
1092 1983 1155 2046 Sed
1177 1982 1305 2065 singula

170 2087 317 2168 persequi
343 2085 474 2168 longum
499 2089 560 2162 est3
590 2103 670 2166 qvae
693 2103 765 2147 cum
788 2083 883 2148 nullis
907 2085 1003 2148 certis
1026 2083 1213 2148 auctoribus
1234 2083 1303 2146 lau·

171 2188 265 2264 datis,
292 2187 343 2250 his
366 2192 492 2250 tantum
519 2186 650 2250 incertis
678 2185 747 2249 ἔνιοι
775 2209 826 2270 μεν
914 2185 956 2264 δὲ,
985 2185 1077 2260 ἄλλοι,
1106 2187 1132 2247 οἱ
1155 2186 1206 2269 μὲν
1225 2231 1254 2246 ..
1272 2186 1305 2246 δὲ

171 2288 367 2371 praemissis,
391 2287 578 2365 afferantur,
600 2291 680 2370 puto
703 2287 968 2370 lexicographum
990 2285 1132 2368 singulos
1155 2292 1304 2352 auctores

172 2390 260 2471 ipsos
282 2410 346 2453 non
368 2389 554 2471 inspexisse,
577 2389 634 2453 sed
657 2389 844 2453 collectione
867 2388 923 2452 illa
946 2387 1125 2471 glossarum
1149 2395 1181 2453 et
1203 2389 1304 2471 expli-

173 2491 345 2568 cationem,
369 2491 408 2555 de
424 2511 486 2572 qva
500 2491 533 2554 in
548 2491 717 2555 Prooemio
735 2491 882 2568 diximus,
900 2512 993 2554 usum
1011 2511 1089 2554 esse.
1124 2490 1212 2568 Qvod
1229 2512 1304 2556 vero

172 2595 232 2658 ait:
262 2589 373 2655 Ἀπίων
402 2593 468 2678 ἤτοι
495 2597 558 2661 πῶς
580 2595 628 2656 καὶ
651 2593 760 2676 ὁμοίως
784 2593 921 2678 βιούντων
945 2639 1027 2668 ...,
1050 2613 1110 2674 pro
1133 2598 1196 2660 πῶς
1218 2597 1305 2657 certe

171 2694 242 2764 ἴσως
264 2694 435 2778 legendum
459 2700 516 2758 est.
562 2695 624 2778 (Of.
648 2695 697 2758 ed.
719 2695 845 2778 Baka).

276 2797 493 2879 ἀθεμίστων.
542 2797 572 2859 ἐν
600 2795 636 2880 πῄ
666 2797 678 2860 Ι
705 2793 878 2864 Ὀδυσσείας
900 2797 947 2859 ἐπὶ
971 2801 1027 2858 τῶν
1050 2793 1224 2857 Κυκλώπων
1248 2795 1306 2858 ἐπι·

118 2901 120 2906 ’
173 2898 262 2961 δέτυυ
282 2899 442 2982 λεγομένου
461 2896 569 2978 „Koch
588 2897 613 2961 δ’
633 2899 663 2967 ἐς
680 2903 763 2980 γαῖαν
777 2899 965 2982 ὑπερφιάλων
982 2897 1163 2981 disinterred
1183 2899 1206 2982 (ι
1220 2901 1306 2984 106),

176 3001 192 3062 ὁ
215 3005 284 3084 γοῦν
304 2999 493 3085 Ἡλιόδωρος
515 2999 748 3086 Ἀρισταρχείως
772 3002 968 3086 μεταφράζων
991 3001 1072 3085 φησί,
1094 3000 1170 3062 καδδ
1194 3000 1228 3063 ού
1250 3025 1307 3064 κοι·

174 3107 233 3170 νοῖς
254 3107 385 3187 χρῶνται
406 3102 514 3187 νόμοις.
560 3105 575 3165 ὁ
598 3104 653 3188 γὰρ
678 3102 874 3188 Ἀρίσταρχος
897 3103 984 3185 λέγει.
1008 3103 1135 3170 δικαίους
1152 3103 1226 3166 είναί
1239 3105 1307 3172 τοὺς

174 3202 342 3272 Κύκλωπας
376 3204 458 3272 ἐκτὸς
485 3209 537 3266 τού
566 3203 763 3290 Πολυφήμου·
794 3207 867 3290 φησί
893 3209 963 3289 γοῦν
991 3207 1058 3290 περὶ
1085 3204 1180 3267 αὐτῶν
1210 3207 1306 3290 „dspi-

174 3307 270 3370 στεύει
303 3307 336 3368 δὲ
369 3305 490 3374 ἕκαστος
518 3307 629 3369 παίδων
656 3331 683 3368 κ.
712 3331 735 3368 τ.
764 3311 808 3368 t.“
838 3309 862 3388 (ι
892 3308 976 3389 114).
1022 3308 1037 3368 ὁ
1066 3308 1098 3369 δὲ
1119 3303 1251 3392 Κύκλωψ
1275 3308 1307 3370 ἐκ

174 3415 227 3494 τῆς
256 3409 329 3476 ἰδίας
357 3408 492 3493 ἀσεβείας
521 3409 588 3492 περὶ
611 3407 706 3470 αὐτῶν
731 3409 817 3492 φησὶν
841 3407 892 3491 „od
914 3409 969 3493 γὰρ
992 3405 1157 3477 Κύκλωπες
1178 3410 1245 3479 Διὸς
1267 3412 1308 3474 αἰ-

174 3509 278 3595 γιύχοί
303 3509 482 3593 ἀλέγουσιν·“
507 3512 533 3594 (ι
555 3511 633 3594 275)
657 3510 729 3594 ὅπερ
753 3511 869 3596 ψεῦδος·
893 3510 976 3573 αὐτοὶ
998 3510 1052 3594 γὰρ
1077 3513 1144 3574 εισὶν
1168 3514 1195 3575 οἱ
1211 3513 1307 3596 λέγον-

175 3637 222 3682 τες
251 3614 293 3693 „el
321 3614 372 3698 μὲν
396 3649 437 3662 -
459 3649 502 3662 ·-
524 3651 566 3661 -
594 3617 697 3677 νοῦσον
730 3612 754 3676 δ’
785 3613 885 3682 ούπως
914 3613 973 3678 ἔστι
1000 3614 1066 3682 Διὸς
1090 3617 1219 3698 μεγάλου
1243 3617 1307 3677 ἀλέ-

176 3717 302 3779 ασδαι·.“
348 3717 373 3800 (ι
395 3717 472 3799 410)
494 3718 542 3779 καὶ
564 3715 637 3780 ἔστιν
662 3717 730 3784 ὅλος
747 3717 762 3778 ὁ
780 3715 868 3784 τύπος
885 3712 971 3785 ούτος
988 3721 1044 3778 τῶν
1063 3717 1307 3800 προβλημάτων.“

177 3817 257 3882 Ουαι
278 3819 328 3881 his
352 3817 391 3882 cf.
417 3818 527 3884 scholl.
552 3843 561 3881 ι
585 3823 645 3882 106
668 3819 760 3883 Harl.
785 3825 816 3883 et
840 3821 900 3882 275
925 3819 964 3882 Η.
989 3817 1035 3895 Q,
1059 3817 1172 3898 quibus
1196 3819 1308 3888 eadem

176 3920 274 3984 etiarn
309 3920 457 3984 disertius
487 3941 525 3984 ac
553 3921 751 4003 argumentis
780 3919 927 4002 pluribus
955 3925 1187 4000 proponuntur.
1233 3924 1309 4009 Ipsa

175 4022 357 4087 Aristarchi
379 4022 478 4087 verba
501 4023 627 4104 integra
650 4028 681 4086 et
703 4023 891 4102 incorrupta
912 4041 932 4084 a
954 4022 1081 4091 δικαίους
1101 4007 1201 4108 'usque
1216 4029 1258 4092 ad
1273 4029 1309 4092 fi-

176 4145 248 4190 nem
278 4125 407 4189 articuli
434 4125 597 4208 leguntur.
643 4123 746 4201 Qvare
780 4122 875 4186 lexioi
901 4123 1005 4189 forma
1039 4128 1177 4208 genuina
1208 4131 1309 4212 qvalis

177 4226 283 4306 fuerit,
301 4249 362 4309 qvo
379 4226 498 4292 clarius
514 4231 681 4309 appareat,
698 4229 801 4289 totum
814 4225 899 4290 hunc
912 4227 1080 4292 articulum
1093 4231 1308 4314 transscripsi.
