3098 4874
1200 387 1241 448 65

257 567 395 652 γέγωνε
416 569 533 653 ἐφώνει.
558 568 649 632 ἐνίοτε
670 569 703 631 δὲ
725 569 825 632 τάσσει
846 573 899 654 τὴν
921 569 993 642 λέξιν
1016 569 1064 632 ἐπὶ
1085 573 1137 632 τοῦ
1155 570 1284 654 μεγάλου

151 669 355 756 [φθέγγους
387 670 473 735 addo
500 693 540 734 ex
567 670 679 736 scholii
707 671 900 756 φοέγγεσοαι]
929 674 978 736 καὶ
1006 672 1168 755 δυναμένου
1198 672 1286 757 μέχρι

152 776 266 836 πολλοῦ
289 772 489 842 ἐξακούεσθαι·
513 772 565 854 qvi
587 793 662 838 vero
684 771 821 838 affertur
842 774 933 840 locus
955 794 994 838 ox
1010 774 1150 838 Homero
1166 776 1283 854 ,τόσσον

152 874 209 958 γὰρ
238 873 291 957 ἔην
320 876 447 960 βώσαντι
474 878 626 957 γεγωνεῖν“
655 873 870 956 fragmentum
898 881 946 940 est
973 875 1109 940 duorum
1136 897 1285 940 versuum

153 975 187 1040 M
209 981 271 1040 337
294 983 326 1040 et
341 977 403 1041 338
418 974 502 1040 male
517 975 780 1041 disturbatorum.
795 1013 838 1024 -
853 977 942 1056 Qvod
957 984 1063 1043 autom
1080 977 1285 1042 Aristarchus
1350 1043 1354 1051 ,

153 1076 257 1140 voluit
288 1077 363 1140 huic
396 1077 464 1140 voci
492 1096 544 1158 ap.
572 1075 666 1140 Hom.
693 1077 795 1142 solem
823 1078 1000 1161 subjectam
1028 1099 1097 1142 esse
1123 1079 1285 1143 notionem

156 1178 314 1262 ,ἀκουστὸν
343 1177 539 1263 φθέγγεσθαι“
567 1215 609 1226 -—
637 1178 670 1244 cf
694 1179 806 1244 scholi.
829 1179 870 1244 ad
894 1179 918 1243 Θ
943 1184 1015 1244 223.
1039 1203 1055 1242 ε
1077 1184 1149 1243 400.
1173 1184 1189 1251 ζ
1212 1183 1284 1243 274.

157 1305 167 1342 ι
195 1283 257 1344 479
291 1317 330 1326 -
358 1280 444 1343 huno
472 1301 562 1344 usum
591 1279 697 1362 Apoll.
725 1285 851 1344 tantum
880 1281 1037 1345 interdum
1065 1279 1170 1345 valere
1198 1279 1284 1359 dicit,

154 1403 264 1466 quare,
287 1381 320 1444 id
343 1381 426 1465 qvod
449 1381 478 1446 ei
500 1381 628 1464 saepius
650 1403 710 1446 usu
732 1383 827 1460 veuit,
850 1381 952 1466 legem
975 1383 1120 1466 magistri
1143 1381 1285 1465 aliqvan-

153 1489 223 1548 tum
247 1485 424 1548 remississs
445 1483 580 1548 videtur.

259 1585 382 1670 γέρων.
427 1585 474 1648 Of.
498 1585 564 1649 sch.
588 1583 614 1647 B
639 1588 689 1648 21.
712 1609 729 1667 γ
753 1587 825 1649 226.
869 1585 906 1648 Β.

260 1691 419 1770 γραπτῦς
442 1686 493 1754 τὰς
516 1687 633 1770 ἀμύξεις
654 1710 680 1748 κ.
703 1687 871 1756 καταξώσεις
893 1723 935 1736 -
953 1723 991 1734 -
1015 1691 1128 1750 τοιοῦτο
1143 1711 1170 1749 κ.
1187 1722 1227 1734 -
1244 1722 1285 1732 -

155 1789 314 1873 ,γράψας
342 1788 371 1850 ἐν
394 1789 504 1850 πίνακά
529 1787 569 1872 (Ζ
594 1787 668 1873 169)
694 1827 733 1836 -
757 1827 798 1837 -
821 1789 880 1851 οἱον
904 1789 1068 1874 ἐγχαράξας
1090 1795 1197 1874 σημεῖα
1219 1791 1286 1851 πολ-

155 1889 194 1952 λὰ
221 1935 229 1951 .
260 1927 299 1937 -
329 1889 435 1953 Sohol.
465 1889 506 1953 ad
534 1889 555 1952 l.
584 1889 605 1954 l.
633 1893 652 1975 ἡ
682 1892 708 1952 δ.
732 1891 776 1953 ὅτι
798 1889 922 1976 ἔμφασίς
945 1891 1004 1954 ἐστι
1026 1895 1084 1960 τοῖς
1106 1897 1158 1975 τῆς
1180 1890 1286 1960 λέξεως

155 1993 310 2077 γράμμασι
332 1991 472 2076 χρῆσθαι·
496 1991 531 2054 οὐ
555 1992 653 2054 δεῖδὲ
674 1996 759 2055 τοῦτο
783 1993 929 2069 δέξασθαι,
952 1993 1028 2056 ἀλλὰ
1051 1999 1083 2056 ct
1106 1997 1178 2056 cett.
1194 2012 1286 2074 pror·

155 2114 211 2158 sus
232 2099 270 2157 ut
291 2093 352 2157 lex,
376 2095 436 2176 Ap.
460 2093 531 2158 Huc
553 2095 650 2158 etiam
672 2095 811 2176 pertinet
832 2094 926 2158 lexioi
948 2099 1047 2178 σῆμα
1068 2091 1088 2156 i.
1111 2115 1142 2175 q.
1165 2099 1285 2176 σημεῖον

155 2195 177 2257 0
200 2197 273 2272 195,
297 2195 327 2258 Ψ
350 2199 422 2272 326,
445 2196 485 2260 cl.
508 2194 607 2262 schol.
631 2195 655 2258 Z
681 2199 750 2258 176.

259 2302 344 2378 γυῖα
366 2298 473 2382 κυρίως
495 2297 583 2365 πόδες
604 2321 631 2360 κ.
655 2301 762 2382 χεῖρες.
801 2296 924 2373 Omisit,
941 2295 1024 2379 qvod
1040 2296 1137 2360 Arist.
1153 2296 1285 2374 monuit,

153 2399 191 2462 οὐ
220 2399 313 2462 πάντα
342 2399 377 2461 τὰ
406 2398 491 2483 μέλη,
519 2405 660 2464 ceterum
684 2421 755 2464 oum
778 2398 834 2464 illo
858 2399 1033 2478 consentit;
1056 2397 1096 2462 ct.
1121 2398 1220 2464 schol.
1244 2397 1286 2463 ed

156 2500 188 2564 Ψ
211 2503 283 2564 527.
307 2499 333 2563 c
357 2503 429 2564 514.
452 2501 555 2564 Lehrs
576 2503 631 2564 Ar.
655 2522 686 2583 p.
713 2504 773 2564 112
797 2521 844 2583 sq.

258 2603 396 2685 γύαλον
431 2603 479 2687 [οὐ
508 2603 595 2671 τόπος
623 2626 664 2671 τις
691 2602 908 2687 κεχωρισμένος
935 2602 984 2667 vel
1013 2601 1101 2687 μέρος
1128 2602 1286 2687 ὡρισμένον

153 2704 233 2768 ἀλλὰ
260 2741 301 2751 -
329 2725 348 2768 e
375 2704 506 2770 scholiis
534 2705 614 2770 haec
636 2704 704 2770 fere
725 2705 801 2768 addi
823 2704 972 2788 possunt]
996 2705 1028 2766 τὸ
1052 2705 1132 2788 [ὅλον
1156 2703 1287 2769 addide-

154 2807 231 2890 rim]
260 2806 345 2874 κώτος
372 2810 424 2868 τοῦ
451 2807 587 2890 θώρακος
615 2804 643 2869 Ν
672 2811 743 2870 507.
772 2806 897 2870 τιθέασιν
921 2806 954 2868 δέ
975 2828 1048 2874 τινες
1071 2807 1122 2889 τὴν
1145 2804 1216 2874 λέξιν
1239 2807 1288 2868 καὶ

155 2909 205 2972 ἐπὶ
228 2913 285 2970 τών
307 2909 498 2992 κοιλωμάτων
523 2907 735 2992 [κεκοιλωμένα
757 2907 848 2992 ἄντρα
870 2906 983 2991 schol]
1006 2911 1047 2974 ώς
1056 2905 1188 2976 Ἡσίοδος
1204 2909 1288 2990 ,γυά-

156 3015 218 3080 λοις
240 3011 288 3074 ἐπὶ
312 3009 505 3094 Παρνησσοῖο.
550 3010 644 3074 Hanc
667 3009 803 3074 altorem
824 3009 1066 3074 sinifioationem
1083 3010 1180 3074 etiam
1195 3009 1287 3090 alius,

156 3114 210 3196 qvi
224 3099 319 3176 ¹inira
341 3112 468 3195 legitur,
492 3111 646 3176 articulus
669 3111 812 3177 exhibet:
835 3112 1002 3196 θώρηκος
1022 3113 1153 3194 γύαλον
1170 3114 1215 3195 (p.
1232 3115 1288 3196 89)

156 3200 199 3264 Ᾰ-
226 3251 268 3264 -
297 3214 333 3278 τὰ
358 3217 529 3298 κοιλώματα
556 3237 583 3275 κ.
613 3214 731 3296 ὀγκώδη
754 3217 810 3276 τῶν
833 3213 930 3278 τόπων
953 3217 1013 3277 κτλ.
1059 3213 1112 3278 Sic
1134 3214 1289 3280 articulus

157 3323 269 3382 noster
292 3317 412 3398 optime
434 3315 582 3398 congruit
605 3335 676 3379 oum
700 3315 799 3379 schol.
822 3315 993 3398 marginali
1014 3315 1056 3380 ad
1071 3315 1099 3379 N
1116 3319 1188 3393 507,
1204 3315 1289 3397 qvod
1375 3331 1378 3336 ·

157 3420 200 3484 ab
223 3418 406 3484 Aristonico
429 3417 608 3500 profectum
632 3423 689 3482 est.
734 3417 851 3493 Qvodsi
874 3417 997 3482 scholia
1018 3416 1210 3500 marginalia
1224 3438 1289 3482 me·

157 3521 220 3585 lius
244 3526 277 3584 et
298 3521 490 3597 accuratius,
514 3519 590 3601 qvid
611 3519 787 3583 Aristarch.
810 3517 879 3600 ipse
902 3519 1037 3584 senserit
1059 3525 1091 3584 et
1116 3540 1288 3602 praecepe-

157 3624 211 3700 rit,
244 3641 339 3704 qvam
367 3622 483 3704 exigua
510 3626 543 3686 et
560 3620 673 3703 jejuna
700 3619 811 3686 scholl.
839 3620 1068 3699 interlinearis,
1096 3621 1288 3703 exprimunt,

158 3725 192 3790 id
220 3723 306 3806 qvod
332 3723 473 3806 probare
501 3723 608 3788 studet
635 3724 672 3786 A.
701 3723 837 3788 Roemer
860 3721 998 3804 (,Ueber
1020 3723 1071 3786 die
1093 3723 1209 3786 Werlre
1232 3721 1290 3788 der

159 3826 383 3892 Aristarcheer
404 3826 437 3890 in
461 3825 538 3890 Cod.
561 3825 639 3888 Ven.
655 3826 710 3888 A.“
729 3825 837 3908 1875),
853 3823 990 3889 fortasse
1005 3825 1101 3888 stiam
1118 3823 1169 3887 hio
1184 3824 1289 3905 ipsum

159 3929 383 3994 Aristarchum
406 3927 652 4010 lexicographus
675 3927 841 4009 expressit.
887 3925 934 3990 Of.
958 3926 1054 3990 etiam
1077 3924 1188 3990 scholl.
1205 3925 1289 3991 adE

161 4033 212 4094 99.
236 4030 263 4094 0
288 4033 359 4094 530.
384 4030 464 4094 etE
501 4029 544 4092 M.

264 4133 429 4196 δείδεκτο
453 4133 500 4195 ἐπὶ
523 4132 574 4218 μὲν
597 4135 649 4194 τοῦ
672 4131 708 4194 τὰ
729 4133 855 4217 ποτήρια
878 4133 914 4216 τῇ
935 4131 1013 4215 δεξιᾷ
1028 4131 1170 4209 ἐκτείνειν,
1187 4133 1290 4215 (,πλη-

163 4234 292 4318 σάμενος
314 4232 416 4320 οἴνοιο)
441 4235 531 4304 δέπας
553 4232 673 4300 δείδεκτ’
699 4231 845 4318 ἰλχιλῆαιι
868 4234 929 4317 (sic
950 4232 1045 4317 vulgo
1068 4232 1171 4311 1224;
1187 4232 1292 4314 Apoll.

1172 4353 1189 4405 5
