3108 4870
1237 381 1275 442 91

184 563 295 646 ’ρήρων
318 557 469 646 Εὸρῆμον,
492 562 570 626 οὕτω
593 563 666 648 [καί]
690 561 856 649 Σαρπήδων
879 562 1047 648 Σαρττῆδον.
1092 563 1130 628 In
1146 562 1236 627 illum
1252 562 1321 628 fere

188 661 321 727 modum
342 661 439 728 finem
462 664 590 729 articuli
612 665 781 747 legendum
805 685 874 730 esse
896 671 997 748 patet,
1016 666 1077 748 qvi,
1095 687 1166 730 cum
1183 665 1323 730 aliasint

189 763 276 828 male
304 765 452 846 repetita,
480 765 546 830 alia
572 765 644 830 loco
673 787 731 832 suo
759 767 898 844 demota,
926 767 991 832 alia
1018 767 1111 832 aliter
1134 767 1320 848 depravata,

188 887 276 930 nunc
302 866 350 929 ita
377 865 496 948 legitur
524 873 709 950 corruptus:
740 917 747 932 .
773 917 780 932 .
805 919 812 932 .
835 871 884 932 καὶ
912 870 928 931 δ
951 867 1098 934 Μακεδών
1123 917 1130 932 .
1154 870 1225 932 οδδί
1245 869 1320 932 ἐστιν

188 965 334 1032 Αἰολικὸν·
359 968 586 1053 προεφερὸρτδα
607 969 662 1052 γὰρ
685 967 852 1054 Σαρπήδων
875 994 902 1034 κ.
924 972 977 1054 τὴν
999 973 1124 1055 δοτικήν·
1142 969 1217 1033 ἀλλὰ
1233 971 1321 1055 βαρο-

188 1069 349 1152 τονομένης
376 1069 501 1138 εὐθείας.
531 1070 585 1134 οὐκ
611 1068 745 1134 Αἰολικὸν
774 1073 816 1146 δὲ,
839 1072 903 1134 ἀλλ’
925 1073 1025 1155 ὥσπερ
1048 1095 1073 1134 τ.
1097 1068 1246 1155 Ευρήμων
1270 1077 1321 1135 etc

188 1176 227 1236 ut
253 1191 362 1253 supra.
391 1209 431 1220 -
460 1171 549 1248 Qvod
576 1192 651 1237 vero
677 1172 758 1236 illud
780 1171 915 1236 Αἰολικὸν
938 1178 1044 1256 σχῆμα
1055 1174 1087 1256 *)
1112 1173 1236 1248 attinet,
1260 1174 1322 1237 hoc

188 1278 367 1337 retractum
398 1272 490 1336 illum
523 1279 690 1338 accentum
723 1275 886 1355 respicere
912 1274 1047 1338 videtur.
1093 1274 1174 1338 Nam
1206 1274 1321 1346 Aeetes

187 1380 320 1458 praeter
347 1374 381 1438 id
409 1375 493 1458 qvod
514 1376 633 1440 multas
655 1375 837 1439 litterarum
858 1375 1051 1440 mutationes
1074 1382 1106 1440 et
1128 1396 1205 1440 usus
1223 1375 1321 1441 habe·

187 1477 270 1541 bant
296 1476 476 1560 singulares
504 1477 559 1559 (de
588 1478 703 1558 quibus
724 1499 753 1540 v.
776 1477 918 1542 Iudicem
940 1477 991 1540 Et.
1015 1475 1058 1540 M.
1081 1498 1113 1558 p.
1140 1480 1222 1539 1038
1245 1477 1321 1562 sq.),

187 1598 283 1644 voces
306 1585 461 1662 oxytonos
483 1578 664 1662 διακρίσεως
686 1577 801 1642 efferre
824 1578 979 1643 solebant.
1025 1578 1072 1644 cf.
1095 1578 1146 1640 Et.
1177 1577 1219 1640 M.
1248 1581 1321 1656 752,

192 1683 232 1742 14
255 1679 295 1744 de
317 1680 425 1762 genesi
448 1681 506 1748 τίος
529 1700 546 1744 e
568 1679 655 1762 τινός)
679 1681 705 1742 οἱ
726 1680 782 1764 γὰρ
805 1678 920 1750 Αἰολεῖς
939 1681 1105 1766 βαροντικοί
1122 1679 1200 1743 εἰσιν.
1234 1678 1323 1764 (Alia

189 1782 352 1864 exempla:
386 1783 485 1845 νάεσσι
516 1802 576 1864 pro
603 1783 697 1857 ναυσί,
724 1781 806 1866 ἄμμε
833 1803 892 1865 pro
920 1786 1010 1867 ἡμᾶς,
1039 1781 1129 1867 ἄμμιν
1159 1802 1218 1864 pro
1241 1784 1321 1866 ἡμῖν,

188 1881 265 1946 ἄεισι
289 1904 350 1966 ρει)
377 1884 471 1964 ἀεῖςι.)
517 1883 598 1960 Qvid
625 1905 700 1949 vero
730 1885 909 1950 Aristarch.
933 1884 973 1948 de
995 1905 1081 1962 voce,
1106 1883 1147 1946 de
1169 1903 1232 1965 qua
1254 1883 1321 1966 agi·

187 2007 270 2062 mus,
294 1987 438 2063 senserit,
462 2007 501 2050 ex
523 1985 585 2051 hoc
607 1986 755 2068 colligas:
779 1987 810 2048 Ψ
832 1990 895 2050 800
917 1989 937 2070 ἡ
962 1989 1048 2069 διπλῆ
1073 1986 1117 2048 ὅτι
1138 1985 1188 2046 ἀπ’
1204 1984 1321 2052 εὐθείας

189 2087 363 2172 βαροτίνοο,
385 2092 427 2156 ὡς
448 2085 633 2150 Χαλκώδων.
678 2086 726 2150 cf.
748 2086 922 2152 Herodian.
946 2085 988 2150 ad
1011 2085 1042 2148 M
1067 2089 1139 2148 379.

293 2204 479 2292 Σελλήεις.
524 2205 572 2270 cf.
596 2206 662 2270 sch.
685 2205 712 2268 Β
736 2207 808 2281 659,
831 2207 904 2268 839.
928 2204 961 2268 Μ
985 2208 1036 2268 97.
1060 2203 1095 2269 L.
1119 2205 1174 2266 Ar.
1193 2206 1254 2266 233
1270 2221 1318 2284 sq.

189 2306 242 2371 Ex
271 2307 346 2373 Hes.
379 2310 480 2390 Apzus
507 2307 721 2390 redintegrari
746 2307 858 2389 possit,
886 2308 914 2372 si
941 2307 1057 2372 addas:
1086 2304 1245 2373 reicitis<
1267 2310 1320 2388 τῆς

192 2405 334 2492 Τρωάδος
353 2414 416 2474 κτλ.

292 2513 409 2595 epact,
433 2517 465 2576 et
486 2512 632 2597 σήκασθεν
648 2511 841 2594 paraphrasi
856 2509 1103 2576 Aristarcheat)
1122 2514 1192 2574 131.
1208 2530 1237 2572 ν.
1252 2508 1318 2573 sch.

292 2619 391 2698 σῆρα
412 2613 484 2678 vide
505 2614 575 2678 sub.
598 2615 748 2699 γράψας.
889 2693 891 2696 ,

294 2716 410 2784 σόλος.
454 2714 578 2792 Ἀπίων,
608 2717 703 2784 δίσκος
731 2717 878 2800 σιδηροῦς.
907 2713 998 2778 ἐνίοτε
1026 2714 1086 2796 (sic
1116 2733 1176 2794 pro
1200 2711 1263 2796 ὅτε)
1287 2710 1320 2773 δὲ

186 2817 286 2885 δίσκος
307 2817 423 2886 λίὸινος.
447 2817 495 2880 ἐπὶ
517 2817 568 2902 μέν
591 2822 643 2880 τοῦ
666 2818 714 2880 ἐπὶ
735 2815 897 2902 Πατρόκλῳ
921 2817 1034 2899 ἀγῶνος
1057 2812 1230 2899 [σιδηροῦς]·
1255 2811 1319 2890 „06-

189 2923 240 2984 λον
268 2919 472 3005 αίιτοχίισνον“
499 2920 545 3005 (Ψ
572 2923 660 3002 826).
687 2919 768 3004 παρὰ
795 2921 827 2982 δὲ
854 2923 912 2987 τοῖς
934 2917 1040 2987 Φαίαξι
1062 2915 1208 3001 [λίὸινος].
1231 2912 1320 3000 „tip-

182 3022 280 3106 Ιβησεν
303 3023 336 3085 δὲ
357 3023 454 3091 tuoe
478 3023 513 3108 (i)
537 3022 623 3106 190).
668 3021 715 3086 cf.
739 3021 838 3086 schol.
863 3021 893 3084 Ψ
915 3023 977 3084 826
1002 3019 1046 3082 δτι
1060 3018 1145 3082 σόλον
1161 3019 1209 3082 τὸν
1226 3018 1320 3080 δίσκον

189 3123 269 3188 εἶπεν
292 3125 313 3188 i)
337 3128 407 3189 190.
451 3125 500 3190 De
522 3125 645 3208 origine
667 3125 753 3190 vocis
774 3123 827 3188 vid
848 3123 900 3187 Et.
924 3122 967 3186 M.
983 3122 1041 3186 ἀπὸ
1056 3125 1108 3186 τοῦ
1123 3126 1177 3207 σῷ,
1193 3120 1225 3183 τὸ
1240 3119 1321 3192 cete,

189 3227 225 3290 τὸ
252 3227 346 3312 ὸρρῶ.
391 3227 480 3293 Curt.
506 3226 558 3292 Et.
585 3247 617 3309 p.
642 3230 703 3290 372
732 3227 813 3291 haec
838 3225 924 3290 inter
950 3245 985 3290 ss
1013 3224 1193 3296 consociat:
1222 3222 1321 3296 σαλος,

192 3329 321 3406 catate,
344 3328 440 3406 σόλος,
464 3327 563 3405 caste,
585 3329 655 3394 rad.
677 3349 717 3392 cu
741 3327 816 3411 (siut.
840 3327 991 3412 sunomi).

296 3435 437 3501 στεῖνος
459 3431 498 3497 ci.
523 3431 590 3497 sch.
613 3429 647 3494 M
670 3433 721 3494 66.

296 3539 425 3598 στεῦτο
451 3533 529 3597 κατὰ
556 3533 683 3596 διάνοιαν
711 3531 809 3595 ίστατο
837 3555 864 3595 κ.
893 3531 952 3594 οίον
979 3530 1110 3614 ὡρίζετο.
1156 3525 1272 3592 Scholl.
1295 3525 1323 3588 E

195 3637 267 3699 382.
299 3635 327 3699 Β
355 3638 427 3712 697,
457 3639 598 3699 ceterum
626 3633 847 3716 congruentia,
875 3629 925 3695 his
954 3629 1092 3695 addunt:
1120 3629 1169 3690 καὶ
1195 3625 1249 3689 οὐκ
1277 3625 1325 3687 ἐπὶ

194 3741 248 3821 τῆς
270 3739 328 3800 τῶν
350 3737 448 3800 ποδῶν
472 3735 613 3803 στάσεως.
657 3734 758 3798 Lehrs
780 3734 836 3796 Ar.
860 3735 901 3796 98

297 3838 442 3923 στυγέῃ.
487 3837 568 3902 Item
591 3835 703 3901 schoil.
727 3835 754 3902 Ο
780 3838 850 3902 183.
873 3833 899 3898 Ρ
922 3836 995 3897 694.

298 4087 326 4156 *)
340 4083 373 4142 ci.
391 4082 441 4140 lex.
459 4083 549 4153 Apoll.
568 4081 601 4135 de
619 4083 717 4151 σχῆμαι
736 4075 836 4132 Ἰακὸν
854 4078 959 4146 σχῆμα
971 4090 992 4126 s.
1004 4088 1055 4127 vva:
1068 4073 1232 4143 ίπιτρίφαται,
1245 4071 1328 4143 ίρηρί-

197 4175 281 4239 tacut,
300 4203 334 4213 -
352 4171 477 4242 ὀψείοντες
494 4169 587 4237 „uince
605 4164 747 4222 Ἀττικός.“
766 4191 796 4202 -
816 4163 875 4220 σάος
893 4159 1062 4225 ,,Αίολικῶς.“
1080 4186 1112 4198 -
1130 4160 1195 4229 κάρη
1214 4157 1329 4225 ,,ίακῶς“

197 4260 260 4314 cett.
274 4256 393 4315 αίολικιῖις
406 4252 544 4310 dicebatur
553 4255 629 4324 φῆρις
637 4265 687 4323 pro
695 4248 778 4322 δῆρις,
787 4245 867 4319 prese
876 4259 926 4321 pro
935 4242 1026 4320 ιρῆςδα,
1035 4243 1117 4314 cipue
1125 4258 1174 4312 pro
1183 4241 1256 4295 πίνει
1264 4243 1329 4296 cett.
