3108 4870
314 353 355 413 88

372 536 658 620 προθελύμνους.
704 532 914 616 Qvaeonnqve
941 555 980 599 ex
1002 534 1141 600 Homero
1165 534 1269 614 affert,
1294 537 1404 601 omnia
1534 569 1535 572 ¹

267 638 392 723 pariter
425 637 563 720 expedit,
597 635 841 718 interpretenda
873 638 935 702 hac
967 658 1058 703 voce:
1092 637 1184 706 dunc
1218 637 1265 700 ἐπ’
1297 637 1401 707 ἄλλοις.

267 740 434 805 Excidisse
462 745 557 822 putat
583 738 732 802 Villois0:
761 741 944 824 προρρίζους,
972 741 1030 802 ἀπὸ
1054 742 1132 824 ῥίζης
1154 741 1296 817 ἀνασπᾶν,
1319 762 1403 822 qvae

266 841 366 908 hebet
387 841 494 924 glossa
516 839 676 924 Hesychii‚
700 842 885 922 ceteroquin
907 841 1020 905 iisdem
1042 841 1147 906 verbis
1170 849 1313 906 exarata.
1352 843 1400 906 Of.

267 945 364 1009 etiem
392 943 442 1006 Et.
467 941 509 1006 M.
532 942 564 1004 h.
587 963 615 1005 v.
639 941 801 1027 πρόρριζος,
824 943 845 1027 ἤ
867 943 983 1010 πυκνός.
1006 980 1047 991 -
1071 943 1212 1027 θέλομνα,
1234 943 1350 1026 λέγεται
1364 945 1402 1007 τὰ

268 1046 314 1108 ἐπ’
347 1046 485 1130 ἀλλήλοις
518 1041 625 1126 ἔχοντα
652 1043 720 1111 τοὺς
748 1045 874 1112 κλάδους
906 1045 1019 1128 δένδρα.
1064 1045 1211 1108 Eundem
1239 1046 1400 1127 duplicem

267 1144 501 1228 interpretandi
528 1165 650 1208 morem
677 1145 776 1209 schol.
807 1146 904 1209 1541
930 1147 1061 1228 respicit
1083 1147 1199 1230 (Lehrs
1221 1147 1277 1209 Ar.
1303 1150 1399 1230 152).

371 1247 535 1332 apriliaco
563 1248 657 1310 πάντα
686 1248 721 1310 τὰ
749 1249 914 1332 τετράποδα
943 1250 975 1310 τὸ
1005 1248 1102 1332 [legez
1132 1251 1183 1334 τῷ,
1213 1254 1270 1313 eut
1297 1250 1344 1311 διὰ
1367 1250 1399 1311 τὸ

268 1349 367 1415 schol.
397 1349 555 1434 antropol
578 1349 610 1410 τὸ
632 1349 683 1412 Et.
707 1348 761 1427 M.²
785 1350 842 1412 ἀπὸ
865 1355 917 1412 τοῦ
939 1349 1028 1433 Hes}
1052 1351 1108 1434 πρὸ
1131 1356 1183 1434 τῆς
1207 1351 1315 1434 [inser.
1339 1353 1400 1413 ὀπι-

268 1453 352 1520 σθίας
378 1451 429 1516 Et.
459 1451 516 1536 M.]
546 1453 661 1536 βάσεως
689 1451 788 1536 ἑτέραν
818 1451 896 1536 ἔχειν
926 1453 1016 1536 βάσιν.
1062 1452 1199 1518 Prorsus
1226 1454 1303 1517 item
1331 1453 1399 1517 soh.

269 1555 293 1618 Ξ
319 1558 379 1619 124
403 1553 506 1618 etEt.
530 1553 573 1618 M.
597 1554 711 1636 (Lehrs
734 1556 788 1618 Ar.
815 1554 901 1638 101).

354 1657 421 1740 πφδ
445 1656 639 1738 φόωσ(δε).
684 1655 821 1720 Versum
843 1656 869 1719 Τ
894 1659 954 1718 118
978 1655 1010 1718 ἐκ
1032 1657 1058 1717 δ’
1082 1655 1174 1737 ἄγαγε
1196 1656 1252 1738 πρὸ
1269 1655 1350 1739 φόως
1365 1658 1400 1718 δε

268 1761 351 1821 κτλ.
380 1757 511 1820 verbum
539 1756 636 1821 verbo
665 1759 828 1838 exprimit:
858 1760 915 1842 πρὸ
942 1763 993 1820 τοῦ
1021 1758 1204 1843 καθήκοντος
1225 1757 1334 1841 χρόνον
1358 1758 1400 1826 εἰς

270 1863 334 1944 φῶς
356 1858 443 1921 αὐτὸν
466 1861 643 1943 προήγαγεν.
688 1857 832 1922 Eandem
855 1859 922 1922 fere
938 1859 1153 1940 paraphrasin
1168 1859 1266 1922 Arist.
1282 1860 1315 1922 in
1331 1861 1398 1924 soh.

269 1961 295 2024 T
325 1965 385 2023 118
412 1964 432 2046 ἡ
461 1964 486 2024 δ.
511 1962 554 2024 ὅτι
575 1965 624 2023 νῦν
648 1962 736 2043 ὑγιῶς
757 1961 901 2046 γράφεται
922 1961 973 2024 σὺν
996 1967 1033 2044 τη
1057 1960 1195 2045 προθέσει
1216 1961 1284 2045 πρὸ
1307 1961 1397 2046 φόως·

269 2063 325 2148 πρὸ
353 2064 408 2148 γὰρ
437 2068 493 2127 τῶν
525 2068 624 2148 μηνῶν
653 2068 710 2126 τῶν
738 2063 928 2146 καθηκόντων
958 2063 1111 2148 ἐγεννήθη.
1142 2063 1185 2125 διδ
1211 2063 1398 2148 η’λιτόμηνος.

268 2165 318 2229 De
340 2165 396 2249 πρό
418 2166 516 2248 igitur
538 2165 680 2230 adverbii
701 2166 823 2229 vicibus
846 2165 899 2229 hio
920 2165 1072 2248 fungente
1092 2171 1224 2246 uterqve
1239 2166 1399 2247 interpres

271 2267 441 2331 consensit.
486 2265 565 2342 Qvid
591 2287 666 2331 vero
695 2267 791 2330 Arist.
821 2266 860 2330 de
887 2266 1003 2332 suffixo
1030 2266 1127 2330 locali
1154 2269 1192 2329 δε
1218 2268 1252 2330 in
1280 2267 1398 2352 φόωσδε

271 2368 416 2444 senserit,
443 2367 530 2431 haud
557 2369 635 2432 satis
663 2369 744 2447 soio;
773 2390 869 2450 qvum
896 2389 970 2432 vero
998 2370 1031 2431 in
1054 2369 1163 2452 ἀγρὸν
1187 2370 1226 2431 δὲ
1247 2369 1341 2432 simil.
1365 2368 1403 2432 δέ

270 2492 335 2534 non
358 2491 428 2533 esse
449 2491 633 2552 paragogen
657 2470 756 2548 illam,
778 2472 812 2534 in
835 2469 944 2547 οἴκαδε,
967 2471 1097 2554 τηρόσδε
1112 2471 1153 2534 al.
1171 2476 1403 2548 occurrentem,

1533 749 1535 804 l

270 2571 375 2648 vellet,
398 2571 454 2635 sed
478 2591 573 2652 qvum
596 2578 701 2636 essent
724 2571 776 2635 δόο
800 2574 875 2657 μέρη
898 2574 998 2656 λόγον,
1021 2593 1155 2654 quorum
1177 2572 1215 2635 δέ
1230 2579 1314 2636 esset
1328 2594 1403 2636 oon·
1533 2617 1534 2624 ι

267 2673 392 2758 junctio
419 2673 667 2755 praepositionis
694 2674 762 2738 vioe
785 2674 930 2758 fungens,
954 2675 993 2740 de
1016 2675 1112 2760 φόως
1135 2674 1174 2737 δέ
1194 2674 1280 2738 idem
1302 2695 1341 2738 ac
1363 2673 1402 2739 de

271 2777 359 2861 ἀγρὸν
383 2777 415 2838 δὲ
437 2776 587 2840 statuisse
610 2775 742 2840 videtur.
788 2776 903 2860 (Lehrs
926 2777 1065 2854 Quaestt.
1090 2797 1161 2859 epp.
1185 2779 1253 2858 40).
1291 2775 1403 2858 Itaque

270 2879 354 2944 forte
376 2879 505 2959 scripsit
527 2878 695 2961 sejunctim
718 2879 774 2962 πρδ
797 2879 878 2964 φόως
901 2879 934 2942 δέ
945 2879 986 2961 *).

373 2980 424 3042 Ad
453 2979 480 3042 ss
510 2983 570 3043 188
593 2979 691 3044 schol.
715 2979 787 3043 Did.
811 2979 959 3062 legimus:
984 2981 1121 3063 ἐξάγαγεν
1144 2981 1284 3066 φώωσθε·
1309 2979 1403 3047 οὕτως

272 3085 324 3146 παὶ
344 3080 570 3167 Ἀριστοφάνης,
594 3083 734 3166 φώωσθε.
778 3079 945 3164 Ζηνόδοτος
968 3083 1001 3146 δὲ
1020 3081 1207 3167 προφόωσδε.
1245 3081 1402 3146 Zenodoti

270 3184 365 3250 lectio
394 3185 492 3248 etiam
519 3184 552 3247 in
581 3184 743 3248 codicibus
767 3190 799 3247 et
821 3184 909 3248 editt.
932 3191 1047 3266 postea
1068 3185 1212 3250 invaluit.
1258 3185 1401 3248 Arister-

272 3287 350 3351 ohus
384 3306 455 3349 oum
489 3285 705 3367 Aristophane
731 3285 846 3368 legisse
873 3285 1013 3350 videtur:
1046 3287 1170 3370 ἐξάγαγε
1198 3288 1327 3370 φόωσδε
1353 3287 1401 3348 καὶ

272 3389 373 3473 ηελίοο
396 3386 454 3449 ἴδεν
478 3386 580 3470 αὐγάς.
625 3386 682 3463 Qvi
707 3407 764 3450 our
785 3386 865 3450 illud
888 3387 944 3472 πρό
961 3388 1114 3466 omiserit,
1128 3387 1309 3470 intelligere
1324 3385 1400 3450 mihi

270 3489 389 3556 videor.
434 3489 543 3570 Neqve
566 3489 649 3552 enim
671 3488 723 3553 hic
746 3488 785 3552 de
807 3489 938 3554 Eudoro
960 3489 1044 3554 idem
1068 3489 1185 3554 dicitur
1199 3487 1284 3571 qvod
1299 3485 1325 3550 Τ
1341 3490 1401 3550 118

273 3591 312 3657 de
338 3591 487 3668 Hercule,
509 3590 600 3653 illum
622 3589 720 3654 fuisse
742 3590 929 3675 ἠλιτόμηνον,
952 3589 1109 3670 „nondum
1132 3596 1314 3655 assecutum
1332 3589 1400 3672 jus·

272 3701 340 3759 tum
363 3693 519 3757 mensium
541 3694 737 3756 nu·mernm“.
1079 3747 1082 3751 .

374 3796 615 3881 πρωτοπαγής
644 3793 729 3875 (lege
756 3792 829 3857 fort.
853 3800 1055 3879 πρωτοπαγεῖς
1077 3791 1102 3858 Ε
1128 3798 1212 3871 194).
1257 3791 1326 3858 'Ertl
1349 3794 1403 3878 μὲν

271 3899 328 3960 τῶν
356 3897 522 3982 ἁρματώων
551 3896 660 3980 δίφρων
690 3894 750 3980 [sio
777 3895 811 3958 in
839 3895 927 3975 eod„
956 3896 1031 3960 Vill.
1060 3897 1225 3981 ἁρματείων
1254 3898 1292 3973 δ.,
1319 3893 1398 3959 Toll.

372 4068 398 4133 *)
410 4064 572 4134 Quamquam
589 4065 618 4118 in
636 4064 679 4117 his
698 4065 781 4118 Arist.
799 4068 831 4118 nt
847 4068 907 4118 tota
926 4065 1061 4133 antiquior
1080 4068 1154 4119 setas
1166 4065 1280 4119 multum
1292 4064 1400 4125 erravit,

269 4151 403 4205 interdum
427 4153 518 4203 temen
539 4149 582 4201 illi
604 4149 720 4217 suspicio
737 4150 794 4203 veri
815 4149 950 4203 obversari
974 4149 1081 4203 videtur
1097 4165 1182 4218 neqve
1199 4166 1216 4203 a
1233 4149 1344 4217 placitis
1361 4163 1401 4202 re·

270 4235 394 4290 certioris
412 4233 540 4288 scientiae
558 4233 635 4286 valde
654 4232 792 4298 abhorret3
809 4237 841 4287 ut
857 4235 902 4288 hic
920 4234 952 4288 cl.
971 4233 1045 4288 (lert.
1063 4234 1106 4288 Et.
1123 4238 1135 4274 ὃ
1153 4250 1179 4302 p.
1197 4235 1255 4290 233.
